@article{huang2008,
  title={从 “他的老师当得好” 谈起},
  author={黄正德},
  year={2008},
  journal={语言科学},
  volume={3},
  number={2}
}