@book{yang1991dict,
  title={Gǔhànyǔ cílèi huóyòng cídiǎn 古汉语词类活用词典 (A dictionary of word class changes of Classical Chinese)},
  isbn={9787805646534},
  year={1991},
  author={Yang, Zhaowei 杨昭蔚 AND Kong, Lingda 孔令达 AND Zhou, Guoguang 周国光},
  publisher={三环出版社}
}
