%region Comprehensive grammars

@book{meiguang2018,
  title={Shànggǔ hànyǔ yǔfǎ gāngyào 上古汉语语法纲要 (A sketch of Old Chinese grammar)},
  author={Mei, Guang 梅广},
  year={2018},
  publisher={Shànghǎi Jiàoyù Chūbǎnshè 上海教育出版社}
}

@book{pulleyblank1995outline,
  title={Outline of classical Chinese grammar},
  author={Pulleyblank, Edwin George},
  year={1995},
  publisher={Ubc Press}
}

%endregion

%region Particles in NP 

@article{aldridge2009old,
  title={Old Chinese determiner zhe},
  author={Aldridge, Edith},
  journal={Historical syntax and linguistic theory},
  volume={18},
  pages={233--250},
  year={2009},
  publisher={Oxford University Press Oxford}
}

%endregion

%region History

@book{he2005shiji,
  author         = {He, Leshi 何乐士},
  publisher      = {Shāngwù Yìnshūguǎn},
  title          = {Shǐjì yǔfǎ tèdiǎn yánjiū 史记语法特点研究 (A study on grammatical features of Historical Records)},
  year           = {2005}
}

%endregion