@article{haspelmath2008framework,
  title={Framework-free grammatical theory},
  author={Haspelmath, Martin},
  journal={To appear in: Heine},
  year={2008}
}

@article{dryer2006descriptive,
  title={Descriptive theories, explanatory theories, and basic linguistic theory},
  author={Dryer, Matthew S},
  journal={Trends in linguistics studies and monographs},
  volume={167},
  pages={207},
  year={2006},
  publisher={Mouton de Gruyter}
}