@inproceedings{hunter2013distributions,
  title={Distributions on minimalist grammar derivations},
  author={Hunter, Tim and Dyer, Chris},
  booktitle={Proceedings of the 13th Meeting on the Mathematics of Language (MoL 13)},
  pages={1--11},
  year={2013}
}

% Distributed

@book{siddiqi2009syntax,
  title={Syntax within the word: Economy, allomorphy, and argument selection in Distributed Morphology},
  author={Siddiqi, Daniel},
  volume={138},
  year={2009},
  publisher={John Benjamins Publishing}
}

% Pullum-like grammars

@inproceedings{pullum2008expressive,
  title={Expressive power of the syntactic theory implicit in the cambridge grammar of the english language},
  author={Pullum, Geoffrey K and Rogers, James},
  booktitle={annual meeting of the Linguistics Assocition of Great Britain, University of Essex},
  year={2008}
}

@book{cgel, place={Cambridge}, title={The Cambridge Grammar of the English Language}, DOI={10.1017/9781316423530}, publisher={Cambridge University Press}, author={Huddleston, Rodney and Pullum, Geoffrey K.}, year={2002}}}

% Eearly

@incollection{chomsky2009syntactic,
  title={Syntactic structures},
  author={Chomsky, Noam},
  booktitle={Syntactic Structures},
  year={2009},
  publisher={De Gruyter Mouton}
}

% Mechanisms

@book{preminger2014agreement,
  title={Agreement and its failures},
  author={Preminger, Omer},
  volume={68},
  year={2014},
  publisher={MIT press}
}