% Textbook

@book{dixon2009basic,
  title={Basic linguistic theory volume 1: Methodology},
  author={Dixon, Robert MW},
  volume={1},
  year={2009},
  publisher={OUP Oxford}
}

@book{croft2001radical,
  title={Radical construction grammar: Syntactic theory in typological perspective},
  author={Croft, William},
  year={2001},
  publisher={Oxford University Press on Demand}
}

% Word order

@article{cinque2005deriving,
  title={Deriving Greenberg's Universal 20 and its exceptions},
  author={Cinque, Guglielmo},
  journal={Linguistic inquiry},
  volume={36},
  number={3},
  pages={315--332},
  year={2005},
  publisher={MIT Press}
}