@book{po2015chinese,
  title={Chinese: A comprehensive grammar},
  author={Po-Ching, Yip and Rimmington, Don},
  year={2015},
  publisher={Routledge}
}

@book{Wilbur2014,
author = {Wilbur, Joshua},
title = {A grammar of {Pite} {Saami}},
year = {2014},
series = {Studies in Diversity Linguistics},
number = {5},
address = {Berlin},
publisher = {Language Science Press},
doi = {10.17169/FUDOCS_document_000000020749},
doi = {10.17169/langsci.b17.34}
}