@article{list2017vowel,
  title={Vowel purity and rhyme evidence in Old Chinese reconstruction},
  author={List, Johann-Mattis and Pathmanathan, Jananan Sylvestre and Hill, Nathan W and Bapteste, Eric and Lopez, Philippe},
  journal={Lingua Sinica},
  volume={3},
  pages={1--17},
  year={2017},
  publisher={Springer}
}

@book{hill2019historical,
  title={The historical phonology of Tibetan, Burmese, and Chinese},
  author={Hill, Nathan W},
  year={2019},
  publisher={Cambridge University Press}
}

@book{sidwell2021languages,
  title={The Languages and Linguistics of Mainland Southeast Asia},
  author={Sidwell, Paul and Jenny, Mathias},
  year={2021},
  publisher={De Gruyter Mouton}
}

@incollection{ostapirat2005notes,
  title={Notes on phonological correspondences and vocabulary distribution},
  author={Ostapirat, Weera},
  booktitle={The peopling of East Asia: Putting together archaeology, linguistics and genetics},
  pages={107--131},
  year={2005},
  publisher={RoutledgeCurzon New York}
}

@article{sagart2004higher,
  title={The higher phylogeny of Austronesian and the position of Tai-Kadai},
  author={Sagart, Laurent},
  journal={Oceanic Linguistics},
  volume={43},
  number={2},
  pages={411--444},
  year={2004},
  publisher={University of Hawai'i Press}
}

@article{jacques2012agreement,
  title={Agreement morphology: the case of Rgyalrongic and Kiranti},
  author={Jacques, Guillaume},
  journal={Language and Linguistics},
  volume={13},
  number={1},
  pages={83--116},
  year={2012}
}

@article{jacques2010possible,
  title={A possible trace of verb agreement in Tibetan},
  author={Jacques, Guillaume},
  journal={Himalayan Linguistics},
  volume={9},
  number={1},
  year={2010}
}

@article{jacques2016tangut,
  title={Tangut, Gyalrongic, Kiranti and the nature of person indexation in Sino-Tibetan/Trans-Himalayan},
  author={Jacques, Guillaume},
  journal={Linguistics Vanguard},
  volume={2},
  number={1},
  pages={20150033},
  year={2016},
  publisher={De Gruyter}
}

@article{jacques2015origin,
  title={The origin of the causative prefix in Rgyalrong languages and its implication for proto-Sino-Tibetan reconstruction},
  author={Jacques, Guillaume},
  journal={Folia Linguistica},
  volume={49},
  number={Historica-vol-36},
  pages={165--198},
  year={2015},
  publisher={De Gruyter}
}

@article{matisoff1973notes,
  title={Notes on Fang-Kuei Li's `Languages and dialects of China'},
  author={Matisoff, James A},
  journal={Journal of Chinese Linguistics},
  volume={1},
  number={3},
  pages={471--474},
  year={1973},
  publisher={JSTOR}
}

@article{mccraw2010lexical,
  author          = {McCraw, David R.},
  journal         = {Sino-Platonic Papers},
  title           = {An `ABC' Exercise in Old Sinitic Lexical Statistics},
  volume          = {202},
  pages           = {1--42},
  year            = {2010}
}

@article{sagart1999roots,
  title={The roots of old Chinese},
  author={Sagart, Laurent},
  year={1999},
  publisher={John Benjamins Publishing Company}
}

@incollection{delancey2013origins,
  title={The origins of Sinitic},
  author={DeLancey, Scott},
  booktitle={Increased empiricism: Recent advances in Chinese linguistics},
  pages={73--100},
  year={2013},
  publisher={John Benjamins Publishing Company}
}

@article{van2014trans,
  title={Trans-Himalayan},
  author={Van Driem, George},
  journal={Trans-Himalayan Linguistics},
  volume={266},
  pages={11--40},
  year={2014},
  publisher={Berlin: Mouton de Gruyter}
}

@article{zhang2019phylogenetic,
  title={Phylogenetic evidence for Sino-Tibetan origin in northern China in the Late Neolithic},
  author={Zhang, Menghan and Yan, Shi and Pan, Wuyun and Jin, Li},
  journal={Nature},
  volume={569},
  number={7754},
  pages={112--115},
  year={2019},
  publisher={Nature Publishing Group UK London}
}

@article{sagart2019dated,
  title={Dated language phylogenies shed light on the ancestry of Sino-Tibetan},
  author={Sagart, Laurent and Jacques, Guillaume and Lai, Yunfan and Ryder, Robin J and Thouzeau, Valentin and Greenhill, Simon J and List, Johann-Mattis},
  journal={Proceedings of the National Academy of Sciences},
  volume={116},
  number={21},
  pages={10317--10322},
  year={2019},
  publisher={National Academy of Sciences}
}