@article{zhengzhang1991decipherment,
  title={Decipherment of Yue-Ren-Ge (song of the Yue boatman)},
  author={Zhengzhang, Shangfang},
  journal={Cahiers de linguistique-Asie orientale},
  volume={20},
  number={2},
  pages={159--168},
  year={1991},
  publisher={Centre de Recherches Linguistiques sur l'Asie Orientale-EHESS}
}

@article{sagart2019model,
  title={A model of the origin of Kra-Dai tones},
  author={Sagart, Laurent},
  journal={Cahiers de Linguistique Asie Orientale},
  volume={48},
  number={1},
  pages={1--29},
  year={2019},
  publisher={Brill}
}