@book{Friesen2017,
author = {Friesen, Dianne},
title = {A grammar of {Moloko}},
year = {2017},
series = {African Language Grammars and Dictionaries},
number = {3},
address = {Berlin},
publisher = {Language Science Press},
doi = {10.5281/zenodo.824016}
}

@book{Wilbur2014,
author = {Wilbur, Joshua},
title = {A grammar of {Pite} {Saami}},
year = {2014},
series = {Studies in Diversity Linguistics},
number = {5},
address = {Berlin},
publisher = {Language Science Press},
doi = {10.17169/FUDOCS_document_000000020749},
doi = {10.17169/langsci.b17.34}
}

@book{greenough2013allen,
  title={Allen and Greenough's new Latin grammar},
  author={Greenough, James B and Allen, Joseph H},
  year={2013},
  publisher={Courier Corporation}
}

@book{jacques2021grammar,
  title={A grammar of Japhug},
  author={Jacques, Guillaume},
  volume={1},
  year={2021},
  publisher={Language Science Press}
}

@book{cgel, 
  place={Cambridge}, 
  title={The Cambridge Grammar of the English Language}, 
  DOI={10.1017/9781316423530}, 
  publisher={Cambridge University Press}, 
  author={Huddleston, Rodney and Pullum, Geoffrey K.}, 
  year={2002}
}

@book{schackow2015grammar,
  title={A grammar of Yakkha},
  author={Schackow, Diana},
  year={2015},
  publisher={Language Science Press}
}

@book{matthews2019graeco,
  title={What Graeco-Roman grammar was about},
  author={Matthews, Peter Hugoe},
  year={2019},
  publisher={Oxford University Press}
}

@inproceedings{kiparsky2009architecture,
  title={On the architecture of {P{\=a}ṇini}’s grammar},
  author={Kiparsky, Paul},
  booktitle={Sanskrit Computational Linguistics: First and Second International Symposia Rocquencourt, France, October 29-31, 2007 Providence, RI, USA, May 15-17, 2008 Revised Selected and Invited Papers},
  pages={33--94},
  year={2009},
  organization={Springer}
}