@book{Jacques2021,
author = {Jacques, Guillaume},
title = {A grammar of {Japhug}},
year = {2021},
series = {Comprehensive Grammar Library},
number = {1},
address = {Berlin},
publisher = {Language Science Press},
doi = {10.5281/zenodo.4548232}
}