%region Early history
@article{witzel1989tracing,
  title={Tracing the Vedic dialects},
  author={Witzel, Michael},
  journal={Dialectes dans les litt{\'e}ratures indo-aryennes},
  pages={97--264},
  year={1989},
  publisher={Diffusion de Boccard}
}

%endregion

%region subject

@article{keidan2017subjecthood,
  title={Subjecthood in P{\=a}ṇini’s grammatical tradition},
  author={Keidan, Artemij},
  journal={Studi in onore di Giuliano Boccali},
  pages={107},
  year={2017}
}

%endregion

%region Panini

@inproceedings{kiparsky2009architecture,
  title={On the architecture of P{\=a}ṇini’s grammar},
  author={Kiparsky, Paul},
  booktitle={Sanskrit Computational Linguistics: First and Second International Symposia Rocquencourt, France, October 29-31, 2007 Providence, RI, USA, May 15-17, 2008 Revised Selected and Invited Papers},
  pages={33--94},
  year={2009},
  organization={Springer}
}

@incollection{kiparsky1995painian,
  title={P{\=a}inian linguistics},
  author={Kiparsky, Paul},
  booktitle={Concise history of the language sciences},
  pages={59--65},
  year={1995},
  publisher={Elsevier}
}

%endregion

%region Modern grammars

@book{burrow2001sanskrit,
  title={The sanskrit language},
  author={Burrow, Thomas},
  year={2001},
  publisher={Motilal Banarsidass Publ.}
}

%endregion

%region Speakers

@article{mccartney2017jhiri,
  title={Jhir{\=\i}: A ‘Sanskrit-speaking’village in Madhya Pradesh},
  author={McCartney, Patrick},
  journal={Journal of South Asian Languages and Linguistics},
  volume={4},
  number={2},
  pages={167--209},
  year={2017},
  publisher={De Gruyter Mouton}
}

%endregion