@misc{vasp-manual,
  author = {The VASP team},
  title = {{The VASP Manual}},
  howpublished = "\url{https://www.vasp.at/wiki/index.php/The_VASP_Manual}"
}

@misc{groundstate,
  author       = {The VASP team},
  title        = {Algorithms used in VASP to calculate the electronic groundstate},
  howpublished = {\url{https://www.vasp.at/wiki/index.php/Algorithms_used_in_VASP_to_calculate_the_electronic_groundstate}}
}

@misc{incar,
  author       = {The VASP team},
  title        = {Category:INCAR},
  howpublished = {\url{https://www.vasp.at/wiki/index.php/Category:INCAR}}
}

@article{vamp-article,
title = {Efficiency of ab-initio total energy calculations for metals and semiconductors using a plane-wave basis set},
journal = {Computational Materials Science},
volume = {6},
number = {1},
pages = {15-50},
year = {1996},
issn = {0927-0256},
doi = {https://doi.org/10.1016/0927-0256(96)00008-0},
url = {https://www.sciencedirect.com/science/article/pii/0927025696000080},
author = {G. Kresse and J. Furthm√ºller}
}

@article{vasp-article,
  doi = {10.1103/physrevb.54.11169},
  url = {https://doi.org/10.1103/physrevb.54.11169},
  year = {1996},
  month = oct,
  publisher = {American Physical Society ({APS})},
  volume = {54},
  number = {16},
  pages = {11169--11186},
  author = {G. Kresse and J. Furthm\"{u}ller},
  title = {Efficient iterative schemes forab initiototal-energy calculations using a plane-wave basis set},
  journal = {Physical Review B}
}