@article{PhysRev.71.600,
  title = {Second Sound in Liquid Helium II},
  author = {Lane, C. T. and Fairbank, Henry A. and Fairbank, William M.},
  journal = {Phys. Rev.},
  volume = {71},
  issue = {9},
  pages = {600--605},
  numpages = {0},
  year = {1947},
  month = {May},
  publisher = {American Physical Society},
  doi = {10.1103/PhysRev.71.600},
  url = {https://link.aps.org/doi/10.1103/PhysRev.71.600}
}
