%region The boundary of field theory with strong correlation

@article{PhysRevLett.119.056402,
  title = {Breakdown of Traditional Many-Body Theories for Correlated Electrons},
  author = {Gunnarsson, O. and Rohringer, G. and Sch\"afer, T. and Sangiovanni, G. and Toschi, A.},
  journal = {Phys. Rev. Lett.},
  volume = {119},
  issue = {5},
  pages = {056402},
  numpages = {5},
  year = {2017},
  publisher = {American Physical Society},
}

%endregion

%region DMFT

@article{georges1996dynamical,
  title={Dynamical mean-field theory of strongly correlated fermion systems and the limit of infinite dimensions},
  author={Georges, Antoine and Kotliar, Gabriel and Krauth, Werner and Rozenberg, Marcelo J},
  journal={Rev. Mod. Phys.},
  volume={68},
  number={1},
  pages={13},
  year={1996},
  publisher={Americal Physical Society}
}

@article{PhysRevB.45.6479,
  title = {Hubbard model in infinite dimensions},
  author = {Georges, Antoine and Kotliar, Gabriel},
  journal = {Phys. Rev. B},
  volume = {45},
  issue = {12},
  pages = {6479--6483},
  numpages = {0},
  year = {1992},
  publisher = {American Physical Society},
}


@article{sun_extended_2002,
	title = {Extended dynamical mean-field theory and {$GW$} method},
	volume = {66},
	number = {8},
	journal = {Phys. Rev. B},
	author = {Sun, Ping and Kotliar, Gabriel},
	year = {2002},
	publisher = {American Physical Society},
	pages = {085120},
}


@article{park_cluster_2008,
	title = {Cluster dynamical mean field theory of the {Mott} transition},
	volume = {101},
	number = {18},
	journal = {Phys. Rev. Lett.},
	author = {Park, Hyowon and Haule, Kristjan and Kotliar, Gabriel},
	year = {2008},
	publisher = {American Physical Society},
	pages = {186403},
}

@article{kotliar_cellular_2001,
	title = {Cellular dynamical mean field approach to strongly correlated systems},
	volume = {87},
	number = {18},
	journal = {Phys. Rev. Lett.},
	author = {Kotliar, Gabriel and Savrasov, Sergej Y and PÃ¡lsson, Gunnar and Biroli, Giulio},
	year = {2001},
	publisher = {American Physical Society},
	pages = {186401},
}

@article{gull_continuous-time_2011,
	title = {Continuous-time {Monte} {Carlo} methods for quantum impurity models},
	volume = {83},
	number = {2},
	journal = {Rev. Mod. Phys.},
	author = {Gull, Emanuel and Millis, Andrew J. and Lichtenstein, Alexander I. and Rubtsov, Alexey N. and Troyer, Matthias and Werner, Philipp},
	year = {2011},
	pages = {349--404},
}

@incollection{potthoff_cluster_2018,
	title = {Cluster {Extensions} of {Dynamical} {Mean}-{Field} {Theory}},
	url = {https://www.cond-mat.de/events/correl18/manuscripts/potthoff.pdf},
	booktitle = {{DMFT}: {From} {Infinite} {Dimensions} to {Real} {Materials}},
	author = {Potthoff, Michael},
	year = {2018},
	pages = {20},
}

%endregion

%region DGA

@article{bickers1991conserving,
  title={Conserving approximations for strongly fluctuating electron systems. II. Numerical results and parquet extension},
  author={Bickers, NE and White, SR},
  journal={Phys. Rev. B},
  volume={43},
  number={10},
  pages={8044},
  year={1991},
  publisher={American Physical Society}
}

@article{PhysRevB.75.045118,
  title = {Dynamical vertex approximation: A step beyond dynamical mean-field theory},
  author = {Toschi, A. and Katanin, A. A. and Held, K.},
  journal = {Phys. Rev. B},
  volume = {75},
  issue = {4},
  pages = {045118},
  numpages = {8},
  year = {2007},
  publisher = {American Physical Society},
}


%endregion

%region functional 

@article{aryasetiawan2002total,
  title={Total energy method from many-body formulation},
  author={Aryasetiawan, Ferdi and Miyake, T and Terakura, K},
  journal={Phys. Rev. Lett.},
  volume={88},
  number={16},
  pages={166401},
  year={2002},
  publisher={American Physical Society}
}

@article{gruning2006density,
  title={Density functionals from many-body perturbation theory: The band gap for semiconductors and insulators},
  author={Gr{\"u}ning, Myrta and Marini, Andrea and Rubio, Angel},
  journal={The Journal of chemical physics},
  volume={124},
  number={15},
  pages={154108},
  year={2006},
  publisher={American Institute of Physics}
}

%endregion

%region Luttinger-Ward functional

@article{PhysRevLett.114.156402,
  title = {Nonexistence of the Luttinger-Ward Functional and Misleading Convergence of Skeleton Diagrammatic Series for Hubbard-Like Models},
  author = {Kozik, Evgeny and Ferrero, Michel and Georges, Antoine},
  journal = {Phys. Rev. Lett.},
  volume = {114},
  issue = {15},
  pages = {156402},
  numpages = {5},
  year = {2015},
  publisher = {American Physical Society},
}


@article{potthoff2003self,
  title={Self-energy-functional approach to systems of correlated electrons},
  author={Potthoff, Michael},
  journal={The European Physical Journal B-Condensed Matter and Complex Systems},
  volume={32},
  number={4},
  pages={429--436},
  year={2003},
  publisher={Springer}
}

@article{PhysRev.118.1417,
  title = {Ground-State Energy of a Many-Fermion System. II},
  author = {Luttinger, J. M. and Ward, J. C.},
  journal = {Phys. Rev.},
  volume = {118},
  issue = {5},
  pages = {1417--1427},
  numpages = {0},
  year = {1960},
  publisher = {American Physical Society},
}


%endregion

%region DFT+DMFT

@article{haule2015free,
  title={Free energy from stationary implementation of the DFT+ DMFT functional},
  author={Haule, Kristjan and Birol, Turan},
  journal={Phys. Rev. Lett.},
  volume={115},
  number={25},
  pages={256402},
  year={2015},
  publisher={American Physical Society}
}

@article{haule2015exact,
  title={Exact double counting in combining the dynamical mean field theory and the density functional theory},
  author={Haule, Kristjan},
  journal={Phys. Rev. Lett.},
  volume={115},
  number={19},
  pages={196403},
  year={2015},
  publisher={American Physical Society}
}

@article{pavarini2021solving,
  title={Solving the strong-correlation problem in materials},
  author={Pavarini, Eva},
  journal={La Rivista del Nuovo Cimento},
  volume={44},
  number={11},
  pages={597--640},
  year={2021},
  publisher={Springer}
}

%endregion

%region GW + DMFT

@article{tomczak2017merging,
  title={Merging GW with DMFT and non-local correlations beyond},
  author={Tomczak, JM and Liu, P and Toschi, A and Kresse, G and Held, K},
  journal={The European Physical Journal Special Topics},
  volume={226},
  number={11},
  pages={2565--2590},
  year={2017},
  publisher={Springer}
}



%endregion

%region Other methods

@article{bruneval2021gw,
  title={The GW Miracle in Many-Body Perturbation Theory for the Ionization Potential of Molecules},
  author={Bruneval, Fabien and Dattani, Nike and Van Setten, Michiel J},
  journal={Frontiers in chemistry},
  volume={9},
  year={2021},
  publisher={Frontiers Media SA}
}

@article{ren2012random,
  title={Random-phase approximation and its applications in computational chemistry and materials science},
  author={Ren, Xinguo and Rinke, Patrick and Joas, Christian and Scheffler, Matthias},
  journal={Journal of Materials Science},
  volume={47},
  number={21},
  pages={7447--7471},
  year={2012},
  publisher={Springer}
}

@article{baiardi2020density,
  title={The density matrix renormalization group in chemistry and molecular physics: Recent developments and new challenges},
  author={Baiardi, Alberto and Reiher, Markus},
  journal={The Journal of Chemical Physics},
  volume={152},
  number={4},
  pages={040903},
  year={2020},
  publisher={AIP Publishing LLC}
}

%endregion

%region Solver 

@article{weber2012augmented,
  title={Augmented hybrid exact-diagonalization solver for dynamical mean field theory},
  author={Weber, C and Amaricci, A and Capone, M and Littlewood, PB},
  journal={Phys. Rev. B},
  volume={86},
  number={11},
  pages={115136},
  year={2012},
  publisher={APS}
}

@article{ganahl2015efficient,
  title={Efficient DMFT impurity solver using real-time dynamics with matrix product states},
  author={Ganahl, Martin and Aichhorn, Markus and Evertz, Hans Gerd and Thunstr{\"o}m, Patrik and Held, Karsten and Verstraete, Frank},
  journal={Phys. Rev. B},
  volume={92},
  number={15},
  pages={155132},
  year={2015},
  publisher={APS}
}

@article{de2019quantitative,
  title={Quantitative comparison of Anderson impurity solvers applied to transport in quantum dots},
  author={de Souza Melo, Bruno Max and da Silva, Luis GGV Dias and Rocha, Alexandre Reily and Lewenkopf, Caio},
  journal={Journal of Physics: Condensed Matter},
  volume={32},
  number={9},
  pages={095602},
  year={2019},
  publisher={IOP Publishing}
}

@article{PhysRevB.104.035160,
  title = {Development of an efficient impurity solver in dynamical mean field theory for multiband systems: Iterative perturbation theory combined with parquet equations},
  author = {Mizuno, Ryota and Ochi, Masayuki and Kuroki, Kazuhiko},
  journal = {Phys. Rev. B},
  volume = {104},
  issue = {3},
  pages = {035160},
  numpages = {15},
  year = {2021},
  publisher = {American Physical Society},
}


%endregion