
@article{padhi_doped_2018,
	title = {Doped twisted bilayer graphene near magic angles: proximity to {Wigner} crystallization, not {Mott} insulation},
	volume = {18},
	number = {10},
	journal = {Nano Letters},
	author = {Padhi, Bikash and Setty, Chandan and Phillips, Philip W},
	year = {2018},
	note = {Publisher: ACS Publications},
	pages = {6175--6180},
}

@article{koshino_band_2019,
	title = {Band structure and topological properties of twisted double bilayer graphene},
	volume = {99},
	number = {23},
	journal = {Physical Review B},
	author = {Koshino, Mikito},
	year = {2019},
	note = {Publisher: APS},
	pages = {235406},
}
