@article{po2018fragile,
  title={Fragile topology and Wannier obstructions},
  author={Po, Hoi Chun and Watanabe, Haruki and Vishwanath, Ashvin},
  journal={Physical review letters},
  volume={121},
  number={12},
  pages={126402},
  year={2018},
  publisher={APS}
}