@book{dixon2009basic1,
  title={Basic linguistic theory volume 1: Methodology},
  author={Dixon, Robert MW},
  volume={1},
  year={2009},
  publisher={OUP Oxford}
}

@book{dixon2010basic2,
  title={Basic linguistic theory volume 2: Grammatical topics},
  author={Dixon, Robert MW},
  volume={2},
  year={2010},
  publisher={Oxford University Press on Demand}
}

@misc{dixon2012basic3,
  title={Basic linguistic theory. Volume 3: Further grammatical topics},
  author={Dixon, RM},
  volume={3},
  year={2012},
  publisher={Oxford: Oxford University Press}
}

@inproceedings{pullum2008expressive,
  title={Expressive power of the syntactic theory implicit in the cambridge grammar of the english language},
  author={Pullum, Geoffrey K and Rogers, James},
  booktitle={annual meeting of the Linguistics Assocition of Great Britain, University of Essex},
  year={2008}
}

@book{cgel, place={Cambridge}, title={The Cambridge Grammar of the English Language}, DOI={10.1017/9781316423530}, publisher={Cambridge University Press}, author={Huddleston, Rodney and Pullum, Geoffrey K.}, year={2002}}}