%region Duality

@article{10.21468/SciPostPhys.8.4.065,
	title={{On duality between Cosserat elasticity and fractons}},
	author={Andrey Gromov and Piotr Sur√≥wka},
	journal={SciPost Phys.},
	volume={8},
	issue={4},
	pages={65},
	year={2020},
	publisher={SciPost},
	doi={10.21468/SciPostPhys.8.4.065},
	url={https://scipost.org/10.21468/SciPostPhys.8.4.065},
}

%endregion

%region Non-solid 

@article{wiegmann2005,
   title={Quantum Hydrodynamics, the Quantum Benjamin-Ono Equation, and the Calogero Model},
   volume={95},
   ISSN={1079-7114},
   url={http://dx.doi.org/10.1103/PhysRevLett.95.076402},
   DOI={10.1103/physrevlett.95.076402},
   number={7},
   journal={Physical Review Letters},
   publisher={American Physical Society (APS)},
   author={Abanov, Alexander G. and Wiegmann, Paul B.},
   year={2005},
   month={Aug}
}

@article{belitz2022soft,
  title={Soft modes in Fermi liquids at arbitrary temperatures},
  author={Belitz, D and Kirkpatrick, TR},
  journal={Physical Review B},
  volume={105},
  number={24},
  pages={245146},
  year={2022},
  publisher={APS}
}

%endregion