% How a Z2 topological phase is generated in a 2D Higgs phase
@misc{propitius1996discrete,
      title={Discrete gauge theories}, 
      author={Mark de Wild Propitius and F. Alexander Bais},
      year={1996},
      eprint={hep-th/9511201},
      archivePrefix={arXiv},
      primaryClass={hep-th}
}