@article{wen2019,
   title={Topological nonlinear 
σ
-model, higher gauge theory, and a systematic construction of 
3+1D
 topological orders for boson systems},
   volume={100},
   ISSN={2469-9969},
   url={http://dx.doi.org/10.1103/PhysRevB.100.045105},
   DOI={10.1103/physrevb.100.045105},
   number={4},
   journal={Physical Review B},
   publisher={American Physical Society (APS)},
   author={Zhu, Chenchang and Lan, Tian and Wen, Xiao-Gang},
   year={2019},
   month={Jul}
}


@article{quantum-bkt-topo-insulator,
   title={Quantum Berezinskii–Kosterltz–Thouless transition for topological insulator},
   volume={93},
   ISSN={1029-0338},
   url={http://dx.doi.org/10.1080/01411594.2020.1765349},
   DOI={10.1080/01411594.2020.1765349},
   number={6},
   journal={Phase Transitions},
   publisher={Informa UK Limited},
   author={Kumar R, Ranjith and S, Rahul and Sahoo, Surya Narayan and Sarkar, Sujit},
   year={2020},
   month={May},
   pages={606–629}
}

@misc{zhou2021fractal,
      title={Fractal Quantum Phase Transitions: Critical Phenomena Beyond Renormalization}, 
      author={Zheng Zhou and Xue-Feng Zhang and Frank Pollmann and Yizhi You},
      year={2021},
      eprint={2105.05851},
      archivePrefix={arXiv},
      primaryClass={cond-mat.str-el}
}
