@article{1998,
   title={Quantum fluctuations of classical Skyrmions in quantum Hall ferromagnets},
   volume={58},
   ISSN={1095-3795},
   url={http://dx.doi.org/10.1103/PhysRevB.58.2013},
   DOI={10.1103/physrevb.58.2013},
   number={4},
   journal={Physical Review B},
   publisher={American Physical Society (APS)},
   author={Abolfath, M.},
   year={1998},
   month={Jul},
   pages={2013â€“2016} }

@article{PhysRevLett.64.1313,
  title = {Boson-vortex-Skyrmion duality, spin-singlet fractional quantum Hall effect, and spin-1/2 anyon superconductivity},
  author = {Lee, Dung-Hai and Kane, Charles L.},
  journal = {Phys. Rev. Lett.},
  volume = {64},
  issue = {12},
  pages = {1313--1317},
  numpages = {0},
  year = {1990},
  month = {Mar},
  publisher = {American Physical Society},
  doi = {10.1103/PhysRevLett.64.1313},
  url = {https://link.aps.org/doi/10.1103/PhysRevLett.64.1313}
}
