@book{jacques2021grammar,
  title={A grammar of Japhug},
  author={Jacques, Guillaume},
  year={2021},
  publisher={Language Science Press}
}