@book{schackow2015grammar,
  title={A grammar of Yakkha},
  author={Schackow, Diana},
  year={2015},
  publisher={Language Science Press}
}

@article{rapacha2005structure,
  title={The Structure of Kiranti Languages: Comparative Grammar and Texts},
  author={Rapacha, Lal},
  journal={Contributions to Nepalese Studies},
  volume={32},
  number={2},
  pages={329--337},
  year={2005},
  publisher={Research Centre for Nepal and Asian Studies}
}

@misc{rapacha2008kiranti,
  title={Kiranti-Bayung grammar, texts and lexicon},
  author={Rapacha, Lal-Shy{\~a}karelu},
  year={2008},
  publisher={Kathmandu: Research Institute for Kir{\~a}tology}
}