@book{forker2020grammar,
  title={A grammar of Sanzhi Dargwa},
  author={Forker, Diana},
  year={2020},
  publisher={Language Science Press}
}

@book{devine2006latin,
  title={Latin word order: Structured meaning and information},
  author={Devine, Andrew M and Stephens, Laurence D},
  year={2006},
  publisher={Oxford University Press}
}