@article{onedfermi1995,
   title={One-dimensional Fermi liquids},
   volume={58},
   ISSN={1361-6633},
   url={http://dx.doi.org/10.1088/0034-4885/58/9/002},
   DOI={10.1088/0034-4885/58/9/002},
   number={9},
   journal={Reports on Progress in Physics},
   publisher={IOP Publishing},
   author={Voit, J},
   year={1995},
   month={Sep},
   pages={977â€“1116} }

@article{PhysRevLett.75.890,
  title = {Bosonization of One-Dimensional Exclusons and Characterization of Luttinger Liquids},
  author = {Wu, Yong-Shi and Yu, Yue},
  journal = {Phys. Rev. Lett.},
  volume = {75},
  issue = {5},
  pages = {890--893},
  numpages = {0},
  year = {1995},
  month = {Jul},
  publisher = {American Physical Society},
  doi = {10.1103/PhysRevLett.75.890},
  url = {https://link.aps.org/doi/10.1103/PhysRevLett.75.890}
}
