@book{wen2004quantum,
  title={Quantum field theory of many-body systems: from the origin of sound to an origin of light and electrons},
  author={Wen, Xiao-Gang},
  year={2004},
  publisher={Oxford University Press on Demand}
}

@book{altland2010condensed,
  title={Condensed matter field theory},
  author={Altland, Alexander and Simons, Ben D},
  year={2010},
  publisher={Cambridge university press}
}

@misc{itensor,
title={The \mbox{ITensor} Software Library for Tensor Network Calculations},
author={Matthew Fishman and Steven R. White and E. Miles Stoudenmire},
year={2020},
eprint={2007.14822},
archivePrefix={arXiv}
}

@incollection{capelle2003density,
  title={Density-functional theory for the Hubbard model: numerical results for the Luttinger liquid and the Mott insulator},
  author={Capelle, K and Lima, NA and Silva, MF and Oliveira, LN},
  booktitle={The Fundamentals of Electron Density, Density Matrix and Density Functional Theory in Atoms, Molecules and the Solid State},
  pages={145--168},
  year={2003},
  publisher={Springer}
}

@article{Pribram_Jones_2015,
   title={DFT: A Theory Full of Holes?},
   volume={66},
   ISSN={1545-1593},
   url={http://dx.doi.org/10.1146/annurev-physchem-040214-121420},
   DOI={10.1146/annurev-physchem-040214-121420},
   number={1},
   journal={Annual Review of Physical Chemistry},
   publisher={Annual Reviews},
   author={Pribram-Jones, Aurora and Gross, David A. and Burke, Kieron},
   year={2015},
   month={Apr},
   pages={283–304}
}

@misc{beer2018categories,
      title={From categories to anyons: a travelogue}, 
      author={Kerstin Beer and Dmytro Bondarenko and Alexander Hahn and Maria Kalabakov and Nicole Knust and Laura Niermann and Tobias J. Osborne and Christin Schridde and Stefan Seckmeyer and Deniz E. Stiegemann and Ramona Wolf},
      year={2018},
      eprint={1811.06670},
      archivePrefix={arXiv},
      primaryClass={quant-ph}
}

@article{Shaofeng1995,
  doi = {10.1103/physreve.51.1004},
  url = {https://doi.org/10.1103/physreve.51.1004},
  year = {1995},
  month = feb,
  publisher = {American Physical Society ({APS})},
  volume = {51},
  number = {2},
  pages = {1004--1005},
  author = {Wang Shaofeng},
  title = {Jordan-Wigner transformation in a higher-dimensional lattice},
  journal = {Physical Review E}
}

@article{Batista_2001,
   title={Generalized Jordan-Wigner Transformations},
   volume={86},
   ISSN={1079-7114},
   url={http://dx.doi.org/10.1103/PhysRevLett.86.1082},
   DOI={10.1103/physrevlett.86.1082},
   number={6},
   journal={Physical Review Letters},
   publisher={American Physical Society (APS)},
   author={Batista, C. D. and Ortiz, G.},
   year={2001},
   month={Feb},
   pages={1082–1085}
}

@book{new_structures,
  doi = {10.1007/978-3-642-12821-9},
  url = {https://doi.org/10.1007/978-3-642-12821-9},
  year = {2011},
  publisher = {Springer Berlin Heidelberg},
  editor = {Bob Coecke},
  title = {New Structures for Physics}
}

@article{Levin_2005,
   title={String-net condensation: A physical mechanism for topological phases},
   volume={71},
   ISSN={1550-235X},
   url={http://dx.doi.org/10.1103/PhysRevB.71.045110},
   DOI={10.1103/physrevb.71.045110},
   number={4},
   journal={Physical Review B},
   publisher={American Physical Society (APS)},
   author={Levin, Michael A. and Wen, Xiao-Gang},
   year={2005},
   month={Jan}
}

@article{mermin1965,
  title = {Thermal Properties of the Inhomogeneous Electron Gas},
  author = {Mermin, N. David},
  journal = {Phys. Rev.},
  volume = {137},
  issue = {5A},
  pages = {A1441--A1443},
  numpages = {0},
  year = {1965},
  month = {Mar},
  publisher = {American Physical Society},
  doi = {10.1103/PhysRev.137.A1441},
  url = {https://link.aps.org/doi/10.1103/PhysRev.137.A1441}
}

@misc{viefers_anyons,
  author       = {Susanne F. Viefers},
  title        = {Field Theory of Anyons and the Fractional Quantum Hall Effect},
  howpublished = "\url{https://inis.iaea.org/collection/NCLCollectionStore/_Public/30/061/30061237.pdf}",
  year         = {1997}
}

@misc{international-tables,
  doi = {10.1107/97809553602060000001},
  url = {https://doi.org/10.1107/97809553602060000001},
  publisher = {International Union of Crystallography},
  author = {C. P. Brock and Th. Hahn and H. Wondratschek and U. M\"{u}ller and U. Shmueli and E. Prince and A. Authier and V. Kopsk{\'{y}} and D. B. Litvin and E. Arnold and D. M. Himmel and M. G. Rossmann and S. Hall and B. McMahon and M. I. Aroyo and C. J. Gilmore and J. A. Kaduk and H. Schenk and C. Chantler and F. Boscherini and B. Bunker},
  title = {International Tables for Crystallography}
}

@article{Orus_tensor,
   title={A practical introduction to tensor networks: Matrix product states and projected entangled pair states},
   volume={349},
   ISSN={0003-4916},
   url={http://dx.doi.org/10.1016/j.aop.2014.06.013},
   DOI={10.1016/j.aop.2014.06.013},
   journal={Annals of Physics},
   publisher={Elsevier BV},
   author={Orús, Román},
   year={2014},
   month={Oct},
   pages={117–158}
}

@book{Engel2011,
  doi = {10.1007/978-3-642-14090-7},
  url = {https://doi.org/10.1007/978-3-642-14090-7},
  year = {2011},
  publisher = {Springer Berlin Heidelberg},
  author = {Eberhard Engel and Reiner M. Dreizler},
  title = {Density Functional Theory}
}

@misc{jafari2008introduction,
      title={Introduction to Hubbard Model and Exact Diagonalization}, 
      author={S. A. Jafari},
      year={2008},
      eprint={0807.4878},
      archivePrefix={arXiv},
      primaryClass={cond-mat.str-el}
}

@article{Castro_Neto_1994,
   title={Bosonization of Fermi liquids},
   volume={49},
   ISSN={1095-3795},
   url={http://dx.doi.org/10.1103/PhysRevB.49.10877},
   DOI={10.1103/physrevb.49.10877},
   number={16},
   journal={Physical Review B},
   publisher={American Physical Society (APS)},
   author={Castro Neto, A. H. and Fradkin, Eduardo},
   year={1994},
   month={Apr},
   pages={10877–10892}
}

@article{haldane-boson,
Author = {F. D. M. Haldane},
Title = {Luttinger's Theorem and Bosonization of the Fermi Surface},
Year = {2005},
Eprint = {arXiv:cond-mat/0505529},
Howpublished = {Proceedings of the International School of Physics "Enrico Fermi",
  Course CXXI "Perspectives in Many-Particle Physics" eds. R. A. Broglia and J.
  R. Schrieffer (North-Holland, Amsterdam 1994) pp 5-29},
}

@article{Chandra_2019,
   title={Hydrodynamic and ballistic AC transport in two-dimensional Fermi liquids},
   volume={99},
   ISSN={2469-9969},
   url={http://dx.doi.org/10.1103/PhysRevB.99.165409},
   DOI={10.1103/physrevb.99.165409},
   number={16},
   journal={Physical Review B},
   publisher={American Physical Society (APS)},
   author={Chandra, Mani and Kataria, Gitansh and Sahdev, Deshdeep and Sundararaman, Ravishankar},
   year={2019},
   month={Apr}
}

@misc{reall2021effective,
      title={Effective field theory and classical equations of motion}, 
      author={Harvey S. Reall and Claude M. Warnick},
      year={2021},
      eprint={2105.12028},
      archivePrefix={arXiv},
      primaryClass={hep-th}
}

@book{chapman_mathematical_1990,
	address = {Cambridge ; New York},
	edition = {3rd ed},
	series = {Cambridge mathematical library},
	title = {The mathematical theory of non-uniform gases: an account of the kinetic theory of viscosity, thermal conduction, and diffusion in gases},
	isbn = {9780521408448},
	shorttitle = {The mathematical theory of non-uniform gases},
	publisher = {Cambridge University Press},
	author = {Chapman, Sydney and Cowling, T. G.},
	year = {1990},
	keywords = {Kinetic theory of gases},
}

@article{Visscher_1985,
	doi = {10.1007/bf01010426},
	url = {https://doi.org/10.1007%2Fbf01010426},
	year = 1985,
	month = {mar},
	publisher = {Springer Science and Business Media {LLC}},
	volume = {38},
	number = {5-6},
	pages = {989--1013},
	author = {P. B. Visscher},
	title = {Renormalization-group derivation of Navier-Stokes equation},
	journal = {Journal of Statistical Physics}
}

@book{lifsic_physical_2008,
	address = {Amsterdam Heidelberg},
	edition = {Reprint},
	series = {Course of theoretical physics / {L}. {D}. {Landau} and {E}. {M}. {Lifshitz}},
	title = {Physical kinetics},
	isbn = {9780750626354},
	language = {eng},
	number = {10},
	publisher = {Elsevier Butterworth-Heinemann},
	author = {Lifšic, Evgenij M. and Pitaevskij, Lev P. and Lifšic, Evgenij M. and Landau, Lev Davidovič},
	year = {2008},
}