@article{van2003syntactic,
  title={`Syntactic ergativity' in Dyirbal and Balinese},
  author={Van de Visser, Mario},
  journal={Linguistics in the Netherlands},
  volume={20},
  number={1},
  pages={177--188},
  year={2003},
  publisher={John Benjamins}
}

@article{aldridge2008generative,
  title={Generative approaches to ergativity},
  author={Aldridge, Edith},
  journal={Language and Linguistics Compass},
  volume={2},
  number={5},
  pages={966--995},
  year={2008},
  publisher={Wiley Online Library}
}

@book{comrie1989language,
  title={Language universals and linguistic typology: Syntax and morphology},
  author={Comrie, Bernard},
  year={1989},
  publisher={University of Chicago press}
}

@article{whitman2012formal,
  title={The formal syntax of alignment change},
  author={Whitman, John and Yanagida, Yuko},
  journal={Parameter theory and dynamics of change},
  pages={177--195},
  year={2012},
  publisher={Oxford University Press Oxford \& New York}
}

@inproceedings{mahajan1994ergativity,
  title={The ergativity parameter: have-be alternation, word order and split ergativity},
  author={Mahajan, Anoop},
  booktitle={North East Linguistics Society},
  volume={24},
  number={1},
  pages={22},
  year={1994}
}