@book{toroidal,
    title = {Toroidal Multipole Moments in Classical Electrodynamics},
    author = {Stefan Nanz},
    year = {2016},
    month = {02},
    day = {11},
    pagecount = {87},
    publisher = {Springer},
    isbn = {9783658125486}
}