@misc{wiki,
  author       = {Wikipedia},
  title        = {O Come, All Ye Faithful},
  howpublished = {\url{https://en.wikipedia.org/wiki/O_Come,_All_Ye_Faithful}},
  year         = {2021}
}