@misc{wiki,
  author       = {Wikipedia},
  title        = {Anima Christi},
  howpublished = {\url{https://en.wikipedia.org/wiki/Anima_Christi}},
  year         = {2021}
}

@misc{youtube1,
  author       = {PopalMusic},
  title        = {Marco Frisina - Anima Christi},
  howpublished = {\url{https://www.youtube.com/watch?v=d6TLAsMGef0}},
  year         = {2021}
}

@misc{youtube2,
  author       = {Ex Cathedra},
  title        = {Anima Christi - Catholic Mediaeval Prayer Song},
  howpublished = {\url{https://www.youtube.com/watch?v=8blfr7Kj3Wc}},
  year         = {2020}
}

@misc{youtube3,
  author       = {Liezel Garcia},
  title        = {Anima Christi - Liezel Garcia},
  howpublished = {\url{https://www.youtube.com/watch?v=XKGO_C6WdqM}},
  year         = {2020}
}