@misc{wiki,
  author = {Wikipedia},
  title = {Proclamation of the Birth of Christ},
  howpublished = {\url{https://en.wikipedia.org/wiki/Proclamation_of_the_Birth_of_Christ}}}
}

@misc{2016christmas,
  author       = {Vatican News},
  title        = {2016.12.24 Midnight Mass of Christmas},
  howpublished = {\url{https://www.youtube.com/watch?v=_1NbTs8EKAU}},
  year         = {2016}
}

@misc{2019christmas,
  author       = {Vatican News},
  title        = {Pope Francis-Holy Mass of the Christmas Vigil 2019-12-24},
  howpublished = {\url{https://www.youtube.com/watch?v=jFNDWsDUGWA}},
  year         = {2019}
}

@misc{eng-ver,
  author       = {Johnny Schaefer},
  title        = {PROCLAMATION OF THE BIRTH OF CHRIST arr. by Christoph Bull sung by Johnny Schaefer},
  howpublished = {\url{https://www.youtube.com/watch?v=eo6sS7MqQSo}},
  year         = {2016}
}