@misc{ocp-preview,
  author       = {Christopher Walker},
  title        = {Laudate, Laudate Dominum},
  howpublished = {\url{http://cdn.ocp.org/shared/pdf/preview/30108908.pdf}}
}

@misc{youtube-1,
  author       = {PapalMusic},
  title        = {Christopher Walker - Laudate, laudate Dominum},
  howpublished = {\url{https://www.youtube.com/watch?v=l1yJZcBYL3A}},
  year         = {2015}
}

@misc{youtube-2,
  author       = {Te Deum Laudamus},
  title        = {Laudate, Laudate Dominum Arr. Christopher Walker},
  howpublished = {\url{https://www.youtube.com/watch?v=32jBPHXR3qM}},
  year         = {2020}
}