@article{kramers1940284,
title = {Brownian motion in a field of force and the diffusion model of chemical reactions},
journal = {Physica},
volume = {7},
number = {4},
pages = {284-304},
year = {1940},
issn = {0031-8914},
doi = {https://doi.org/10.1016/S0031-8914(40)90098-2},
url = {https://www.sciencedirect.com/science/article/pii/S0031891440900982},
author = {H.A. Kramers},
abstract = {A particle which is caught in a potential hole and which, through the shuttling action of Brownian motion, can escape over a potential barrier yields a suitable model for elucidating the applicability of the transition state method for calculating the rate of chemical reactions.}
}