@book{coleman2015introduction,
  title={Introduction to many-body physics},
  author={Coleman, Piers},
  year={2015},
  publisher={Cambridge University Press}
}