
@book{zwanzig_nonequilibrium_2001,
	title = {Nonequilibrium statistical mechanics},
	publisher = {Oxford university press},
	author = {Zwanzig, Robert},
	year = {2001},
	note = {The discussion on Mori-Zwanzig formalism or ``generalized Langevin equation'' can be found on page 149.},
}

@article{kramer2018quantumoptics,
  title={QuantumOptics. jl: A Julia framework for simulating open quantum systems},
  author={Kr{\"a}mer, Sebastian and Plankensteiner, David and Ostermann, Laurin and Ritsch, Helmut},
  journal={Computer Physics Communications},
  volume={227},
  pages={109--116},
  year={2018},
  publisher={Elsevier}
}

@book{scully1999quantum,
  title={Quantum optics},
  author={Scully, Marlan O and Zubairy, M Suhail},
  year={1999},
  publisher={American Association of Physics Teachers}
}