@book{lehmann1974proto,
  title={Proto-indo-european syntax},
  author={Lehmann, Winfred Philipp},
  year={1974},
  publisher={University of Texas Press}
}

@book{Bauer_2000,
	doi = {10.1515/9783110825992},
	url = {https://doi.org/10.1515%2F9783110825992},
	year = 2000,
	month = {dec},
	publisher = {{DE} {GRUYTER} {MOUTON}},
	author = {Brigitte Bauer},
	title = {Archaic Syntax in Indo-European}
}