@article{Ryu_2010,
	doi = {10.1088/1367-2630/12/6/065010},
  
	url = {https://doi.org/10.1088%2F1367-2630%2F12%2F6%2F065010},
  
	year = 2010,
	month = {jun},
  
	publisher = {{IOP} Publishing},
  
	volume = {12},
  
	number = {6},
  
	pages = {065010},
  
	author = {Shinsei Ryu and Andreas P Schnyder and Akira Furusaki and Andreas W W Ludwig},
  
	title = {Topological insulators and superconductors: tenfold way and dimensional hierarchy},
  
	journal = {New Journal of Physics}
}

@article{stone2010symmetries,
  title={Symmetries, dimensions and topological insulators: the mechanism behind the face of the Bott clock},
  author={Stone, Michael and Chiu, Ching-Kai and Roy, Abhishek},
  journal={Journal of Physics A: Mathematical and Theoretical},
  volume={44},
  number={4},
  pages={045001},
  year={2010},
  publisher={IOP Publishing}
}

@article{RevModPhys.88.035005,
  title = {Classification of topological quantum matter with symmetries},
  author = {Chiu, Ching-Kai and Teo, Jeffrey C. Y. and Schnyder, Andreas P. and Ryu, Shinsei},
  journal = {Rev. Mod. Phys.},
  volume = {88},
  issue = {3},
  pages = {035005},
  numpages = {63},
  year = {2016},
  month = {Aug},
  publisher = {American Physical Society},
  doi = {10.1103/RevModPhys.88.035005},
  url = {https://link.aps.org/doi/10.1103/RevModPhys.88.035005}
}
