% Strongly correlated

@article{Cleveland_1976,
	doi = {10.1119/1.10537},
	url = {https://doi.org/10.1119%2F1.10537},
	year = 1976,
	month = {jan},
	publisher = {American Association of Physics Teachers ({AAPT})},
	volume = {44},
	number = {1},
	pages = {44--46},
	author = {Charles L. Cleveland and Rodrigo Medina A.},
	title = {Obtaining a {Heisenberg} {Hamiltonian} from the {Hubbard} model},
	journal = {American Journal of Physics}
}

@article{annurev.ms.14.080184.000245,
author = {Moriya, T and Takahashi, Y},
title = {Itinerant Electron Magnetism},
journal = {Annual Review of Materials Science},
volume = {14},
number = {1},
pages = {1-25},
year = {1984},
doi = {10.1146/annurev.ms.14.080184.000245},

URL = { 
        https://doi.org/10.1146/annurev.ms.14.080184.000245
    
},
eprint = { 
        https://doi.org/10.1146/annurev.ms.14.080184.000245
    
}

}

% Models

@article{ising1925beitrag,
  title={Beitrag zur theorie des ferromagnetismus},
  journal={Zeit. f{\"{u}}r Physik},
  author={Ising, E},
  year={1925}
}

@article{onsager1944crystal,
  title={Crystal statistics. I. A two-dimensional model with an order-disorder transition},
  author={Onsager, Lars},
  journal={Physical Review},
  volume={65},
  number={3-4},
  pages={117},
  year={1944},
  publisher={APS}
}

@article{Bethe_1931,
	doi = {10.1007/bf01341708},
	url = {https://doi.org/10.1007%2Fbf01341708},
	year = 1931,
	month = {mar},
	publisher = {Springer Science and Business Media {LLC}},
	volume = {71},
	number = {3-4},
	pages = {205--226},
	author = {H. Bethe},
	title = {Zur Theorie der Metalle},
	journal = {Zeitschrift f{\"{u}}r Physik}
}

@article{PhysRevLett.17.1133,
  title = {Absence of Ferromagnetism or Antiferromagnetism in One- or Two-Dimensional Isotropic Heisenberg Models},
  author = {Mermin, N. D. and Wagner, H.},
  journal = {Phys. Rev. Lett.},
  volume = {17},
  issue = {22},
  pages = {1133--1136},
  numpages = {0},
  year = {1966},
  month = {Nov},
  publisher = {American Physical Society},
  doi = {10.1103/PhysRevLett.17.1133},
  url = {https://link.aps.org/doi/10.1103/PhysRevLett.17.1133}
}

% Phrase transition

@article{PhysRevB.54.R12661,
  title = {Long-range interactions and nonextensivity in ferromagnetic spin models},
  author = {Cannas, Sergio A. and Tamarit, Francisco A.},
  journal = {Phys. Rev. B},
  volume = {54},
  issue = {18},
  pages = {R12661--R12664},
  numpages = {0},
  year = {1996},
  month = {Nov},
  publisher = {American Physical Society},
  doi = {10.1103/PhysRevB.54.R12661},
  url = {https://link.aps.org/doi/10.1103/PhysRevB.54.R12661}
}

@ARTICLE{Cuesta_2004,
    author = {José A. Cuesta and Angel Sánchez},
    title = {General non-existence theorem for phase transitions in one-dimensional systems with short-range interactions, and physical examples of such transitions},
    journal = {J. Stat. Phys},
    year = {2004},
    pages = {869--893}
}

@incollection{landau-symmetry,
title = {CHAPTER XIII - THE SYMMETRY OF CRYSTALS},
editor = {L.D. LANDAU and E.M. LIFSHITZ},
booktitle = {Statistical Physics (Third Edition)},
publisher = {Butterworth-Heinemann},
edition = {Third Edition},
address = {Oxford},
pages = {401-445},
year = {1980},
isbn = {978-0-08-057046-4},
doi = {https://doi.org/10.1016/B978-0-08-057046-4.50020-8},
url = {https://www.sciencedirect.com/science/article/pii/B9780080570464500208},
author = {L.D. LANDAU and E.M. LIFSHITZ}
}

% Experiment

@article{PhysRevLett.73.898,
  title = {Submonolayer Magnetism of Fe(110) on W(110): Finite Width Scaling of Stripes and Percolation between Islands},
  author = {Elmers, H. J. and Hauschild, J. and H\"oche, H. and Gradmann, U. and Bethge, H. and Heuer, D. and K\"ohler, U.},
  journal = {Phys. Rev. Lett.},
  volume = {73},
  issue = {6},
  pages = {898--901},
  numpages = {0},
  year = {1994},
  month = {Aug},
  publisher = {American Physical Society},
  doi = {10.1103/PhysRevLett.73.898},
  url = {https://link.aps.org/doi/10.1103/PhysRevLett.73.898}
}


@article{PhysRevB.57.R677,
  title = {Dipolar superferromagnetism in monolayer nanostripes of Fe(110) on vicinal W(110) surfaces},
  author = {Hauschild, J. and Elmers, H. J. and Gradmann, U.},
  journal = {Phys. Rev. B},
  volume = {57},
  issue = {2},
  pages = {R677--R680},
  numpages = {0},
  year = {1998},
  month = {Jan},
  publisher = {American Physical Society},
  doi = {10.1103/PhysRevB.57.R677},
  url = {https://link.aps.org/doi/10.1103/PhysRevB.57.R677}
}

@article{gambardella2002ferromagnetism,
  title={Ferromagnetism in one-dimensional monatomic metal chains},
  author={Gambardella, P and Dallmeyer, A and Maiti, K and Malagoli, MC and Eberhardt, W and Kern, K and Carbone, C},
  journal={Nature},
  volume={416},
  number={6878},
  pages={301--304},
  year={2002},
  publisher={Nature Publishing Group}
}

@article{shen1997magnetism,
  title={Magnetism in one dimension: Fe on Cu (111)},
  author={Shen, J and Skomski, Ralph and Klaua, M and Jenniches, H and Manoharan, S Sundar and Kirschner, J},
  journal={Physical Review B},
  volume={56},
  number={5},
  pages={2340},
  year={1997},
  publisher={APS}
}

% Superconductivity

@article{Conder_2016,
	doi = {10.1088/0953-2048/29/8/080502},
	url = {https://doi.org/10.1088/0953-2048/29/8/080502},
	year = 2016,
	month = {jun},
	publisher = {{IOP} Publishing},
	volume = {29},
	number = {8},
	pages = {080502},
	author = {K Conder},
	title = {A second life of the Matthias's rules},
	journal = {Superconductor Science and Technology},
	abstract = {}
}