@article{cuprate-diagram,
author = {Taillefer, Louis},
year = {2010},
month = {03},
pages = {},
title = {Scattering and Pairing in Cuprate Superconductors},
volume = {1},
journal = {Annual Review of Condensed Matter Physics},
doi = {10.1146/annurev-conmatphys-070909-104117}
}

@article{anderson1987resonating,
  title={The resonating valence bond state in La2CuO4 and superconductivity},
  author={Anderson, Philip W},
  journal={science},
  volume={235},
  number={4793},
  pages={1196--1198},
  year={1987},
  publisher={American Association for the Advancement of Science}
}

@article{PhysRevLett.58.1035,
  title = {Electronically driven instabilities and superconductivity in the layered ${\mathrm{La}}_{2\mathrm{\ensuremath{-}}\mathrm{x}}$${\mathrm{Ba}}_{\mathrm{x}}$${\mathrm{CuO}}_{4}$ perovskites},
  author = {Yu, Jaejun and Freeman, A. J. and Xu, J. -H.},
  journal = {Phys. Rev. Lett.},
  volume = {58},
  issue = {10},
  pages = {1035--1037},
  numpages = {0},
  year = {1987},
  month = {Mar},
  publisher = {American Physical Society},
  doi = {10.1103/PhysRevLett.58.1035},
  url = {https://link.aps.org/doi/10.1103/PhysRevLett.58.1035}
}


@article{emery1987theory,
  title={Theory of {high-$T_\text{c}$} superconductivity in oxides},
  author={Emery, VJ},
  journal={Physical Review Letters},
  volume={58},
  number={26},
  pages={2794},
  year={1987},
  publisher={APS}
}

@article{PhysRevLett.58.1028,
  title = {Electronic band properties and superconductivity in {${\mathrm{La}}_{2\mathrm{\ensuremath{-}}\mathrm{y}}$${\mathrm{X}}_{\mathrm{y}}$${\mathrm{CuO}}_{4}$}},
  author = {Mattheiss, L. F.},
  journal = {Phys. Rev. Lett.},
  volume = {58},
  issue = {10},
  pages = {1028--1030},
  numpages = {0},
  year = {1987},
  month = {Mar},
  publisher = {American Physical Society},
  doi = {10.1103/PhysRevLett.58.1028},
  url = {https://link.aps.org/doi/10.1103/PhysRevLett.58.1028}
}

@article{zhong2016nodeless,
  title={Nodeless pairing in superconducting copper-oxide monolayer films on Bi2Sr2CaCu2O8+ $\delta$},
  author={Zhong, Yong and Wang, Yang and Han, Sha and Lv, Yan-Feng and Wang, Wen-Lin and Zhang, Ding and Ding, Hao and Zhang, Yi-Min and Wang, Lili and He, Ke and others},
  journal={Science Bulletin},
  volume={61},
  number={16},
  pages={1239--1247},
  year={2016},
  publisher={Springer}
}

@article{binnig1987scanning,
  title={Scanning tunneling microscopyâ€”from birth to adolescence},
  author={Binnig, Gerd and Rohrer, Heinrich},
  journal={reviews of modern physics},
  volume={59},
  number={3},
  pages={615},
  year={1987},
  publisher={APS}
}