@article{cho1975molecular,
  title={Molecular beam epitaxy},
  author={Cho, Al Y and Arthur, JR},
  journal={Progress in solid state chemistry},
  volume={10},
  pages={157--191},
  year={1975},
  publisher={Elsevier}
}

@book{pierson1999handbook,
  title={Handbook of chemical vapor deposition: principles, technology and applications},
  author={Pierson, Hugh O},
  year={1999},
  publisher={William Andrew}
}

@inbook{stm-cloud,
author = {Chaika, Alexander},
year = {2016},
month = {09},
pages = {},
title = {Electron Orbital Contribution in Distance-Dependent STM Experiments},
isbn = {978-953-51-2578-5},
doi = {10.5772/63270}
}

@misc{vasp-stm,
   author =       {{VASP Group}},
   title =        {STM of graphite},
   month =        {November},
   year =         {2019},
   url = {https://www.vasp.at/wiki/index.php/STM_of_graphite},
   note =         {Online},
 }
