@misc{viefers_anyons,
  author       = {Susanne F. Viefers},
  title        = {Field Theory of Anyons and the Fractional Quantum Hall Effect},
  howpublished = "\url{https://inis.iaea.org/collection/NCLCollectionStore/_Public/30/061/30061237.pdf}",
  year         = {1997}
}

@article{Bahcall,
author = {Safi Bahcall and Leonard Susskind},
year = {2012},
month = {01},
pages = {},
title = {FLUID DYNAMICS, CHERN-SIMONS THEORY, AND THE QUANTUM HALL EFFECT},
volume = {05},
journal = {International Journal of Modern Physics B},
doi = {10.1142/S0217979291001085}
}