@article{Chen_2013,
   title={Symmetry protected topological orders and the group cohomology of their symmetry group},
   volume={87},
   ISSN={1550-235X},
   url={http://dx.doi.org/10.1103/PhysRevB.87.155114},
   DOI={10.1103/physrevb.87.155114},
   number={15},
   journal={Physical Review B},
   publisher={American Physical Society (APS)},
   author={Chen, Xie and Gu, Zheng-Cheng and Liu, Zheng-Xin and Wen, Xiao-Gang},
   year={2013},
   month={Apr}
}
