@article{Affleck_1987,
	doi = {10.1103/physrevlett.59.799},
	url = {https://doi.org/10.1103%2Fphysrevlett.59.799},
	year = 1987,
	month = {aug},
	publisher = {American Physical Society ({APS})},
	volume = {59},
	number = {7},
	pages = {799--802},
	author = {Ian Affleck and Tom Kennedy and Elliott H. Lieb and Hal Tasaki},
	title = {Rigorous results on valence-bond ground states in antiferromagnets},
	journal = {Physical Review Letters}
}