@book{biberauer2017final,
  title={The final-over-final condition: A syntactic universal},
  author={Biberauer, Theresa},
  volume={76},
  year={2017},
  publisher={MIT Press}
}