@article{baker2010formal,
  title={Formal generative typology},
  author={Baker, Mark},
  journal={The Oxford handbook of linguistic analysis},
  pages={285--312},
  year={2010},
  publisher={Oxford University Press Oxford}
}

@article{comrie2008leipzig,
  title={The Leipzig Glossing Rules: Conventions for interlinear morpheme-by-morpheme glosses},
  author={Comrie, Bernard and Haspelmath, Martin and Bickel, Balthasar},
  journal={Department of Linguistics of the Max Planck Institute for Evolutionary Anthropology \& the Department of Linguistics of the University of Leipzig. Retrieved January},
  volume={28},
  pages={2010},
  year={2008}
}