@article{2008,
   title={Conformal Field Theory as Microscopic Dynamics of Incompressible Euler and Navier-Stokes Equations},
   volume={101},
   ISSN={1079-7114},
   url={http://dx.doi.org/10.1103/PhysRevLett.101.261602},
   DOI={10.1103/physrevlett.101.261602},
   number={26},
   journal={Physical Review Letters},
   publisher={American Physical Society (APS)},
   author={Fouxon, Itzhak and Oz, Yaron},
   year={2008},
   month={Dec} }

@book{francesco2012conformal,
  title={Conformal field theory},
  author={Francesco, Philippe and Mathieu, Pierre and S{\'e}n{\'e}chal, David},
  year={2012},
  publisher={Springer Science \& Business Media}
}

@book{blumenhagen2009introduction,
  title={Introduction to conformal field theory: with applications to string theory},
  author={Blumenhagen, Ralph and Plauschinn, Erik},
  volume={779},
  year={2009},
  publisher={Springer Science \& Business Media}
}