@phdthesis{chen2016mandarin,
  title={Mandarin directional serial verb constructions: A constructionist approach},
  author={Chen, Zhishuang},
  year={2016},
  school={University of York}
}