%region Scrambling

@article{imamura2015effects,
  title={The effects of givenness and heaviness on VP-internal scrambling and VP-external scrambling in Japanese},
  author={Imamura, Satoshi},
  journal={Studies in Pragmatics},
  volume={17},
  pages={1--16},
  year={2015}
}

@article{yatsushiro2003vp,
  title={VP internal scrambling},
  author={Yatsushiro, Kazuko},
  journal={Journal of East Asian Linguistics},
  volume={12},
  number={2},
  pages={141--170},
  year={2003},
  publisher={Springer}
}

@article{imamura2016processing,
  title={The processing cost of scrambling and topicalization in Japanese},
  author={Imamura, Satoshi and Sato, Yohei and Koizumi, Masatoshi},
  journal={Frontiers in Psychology},
  volume={7},
  pages={531},
  year={2016},
  publisher={Frontiers Media SA}
}

%endregion

%region Cartography

@book{endo2007locality,
  title={Locality and information structure: A cartographic approach to Japanese},
  author={Endo, Yoshio},
  volume={116},
  year={2007},
  publisher={John Benjamins Publishing}
}

%endregion