@book{tsutsui1989dictionary,
  title={A dictionary of basic Japanese grammar},
  author={Tsutsui, Michio and Makino, Seichi},
  year={1989},
  publisher={Japan Times}
}

@book{akiyama2012japanese,
  title={Japanese grammar},
  author={Akiyama, Nobuo and Akiyama, Carol},
  year={2012},
  publisher={Simon and Schuster}
}