@article{bina2012coherent,
  title={The coherent interaction between matter and radiation: A tutorial on the Jaynes-Cummings model},
  author={Bina, Matteo},
  journal={The European Physical Journal Special Topics},
  volume={203},
  number={1},
  pages={163--183},
  year={2012},
  publisher={Springer}
}

@book{meystre2021quantum,
  title={Quantum Optics. Graduate Texts in Physics},
  author={Meystre, P},
  year={2021},
  publisher={Springer Nature},
  note           = {See chap. 7 for discussion on cQED.},
}

@article{di2016cutting,
  title={Cutting Feynman loops in ultrastrong cavity QED: Stimulated emission and reabsorption of virtual particles dressing a physical excitation},
  author={Di Stefano, Omar and Stassi, Roberto and Garziano, Luigi and Kockum, Anton Frisk and Savasta, Salvatore and Nori, Franco},
  journal={arXiv preprint arXiv:1603.04984},
  year={2016}
}

@article{latini2019cavity,
  title={Cavity control of excitons in two-dimensional materials},
  author={Latini, Simone and Ronca, Enrico and De Giovannini, Umberto and HuÌˆbener, Hannes and Rubio, Angel},
  journal={Nano letters},
  volume={19},
  number={6},
  pages={3473--3479},
  year={2019},
  publisher={ACS Publications}
}