@article{latini2019cavity,
  title={Cavity control of excitons in two-dimensional materials},
  author={Latini, Simone and Ronca, Enrico and De Giovannini, Umberto and HuÌˆbener, Hannes and Rubio, Angel},
  journal={Nano letters},
  volume={19},
  number={6},
  pages={3473--3479},
  year={2019},
  publisher={ACS Publications}
}

@article{gonzalez2014reversible,
  title={Reversible dynamics of single quantum emitters near metal-dielectric interfaces},
  author={Gonz{\'a}lez-Tudela, Alejandro and Huidobro, Paloma A and Mart{\'\i}n-Moreno, Luis and Tejedor, C and Garc{\'\i}a-Vidal, FJ},
  journal={Physical Review B},
  volume={89},
  number={4},
  pages={041402},
  year={2014},
  publisher={APS}
}

@article{le2006cavity,
  title={Cavity QED with semiconductor nanocrystals},
  author={Le Thomas, N and Woggon, U and Sch{\"o}ps, O and Artemyev, MV and Kazes, M and Banin, U},
  journal={Nano letters},
  volume={6},
  number={3},
  pages={557--561},
  year={2006},
  publisher={ACS Publications}
}

@article{hummer2013weak,
  title={Weak and strong coupling regimes in plasmonic QED},
  author={H{\"u}mmer, Thomas and Garc{\'\i}a-Vidal, FJ and Mart{\'\i}n-Moreno, Luis and Zueco, David},
  journal={Physical Review B},
  volume={87},
  number={11},
  pages={115419},
  year={2013},
  publisher={APS}
}