@article{philbin2010canonical,
  title={Canonical quantization of macroscopic electromagnetism},
  author={Philbin, Thomas Gerard},
  journal={New Journal of Physics},
  volume={12},
  number={12},
  pages={123008},
  year={2010},
  publisher={IOP Publishing}
}

@article{knoll2000qed,
  title={QED in dispersing and absorbing media},
  author={Knoll, Ludwig and Scheel, Stefan and Welsch, Dirk-Gunnar},
  journal={arXiv quant-ph/0006121},
  year={2000}
}

@article{huttner1992quantization,
  title={Quantization of the electromagnetic field in dielectrics},
  author={Huttner, Bruno and Barnett, Stephen M},
  journal={Physical Review A},
  volume={46},
  number={7},
  pages={4306},
  year={1992},
  publisher={APS}
}

% Quantum Langevin

@article{henry1986theory,
  title={Theory of spontaneous emission noise in open resonators and its application to lasers and optical amplifiers},
  author={Henry, CH},
  journal={Journal of lightwave technology},
  volume={4},
  number={3},
  pages={288--297},
  year={1986},
  publisher={IEEE}
}

@article{henry1986phase,
  title={Phase noise in semiconductor lasers},
  author={Henry, C},
  journal={Journal of Lightwave Technology},
  volume={4},
  number={3},
  pages={298--311},
  year={1986},
  publisher={IEEE}
}

@article{amooghorban2013quantum,
  title={Quantum optical effective-medium theory for loss-compensated metamaterials},
  author={Amooghorban, Ehsan and Mortensen, N Asger and Wubs, Martijn},
  journal={Physical Review Letters},
  volume={110},
  number={15},
  pages={153602},
  year={2013},
  publisher={APS}
}

@book{scully1997quantum,
  title={Quantum optics},
  author={Scully, Marlan O and Zubairy, M Suhail},
  year={1997},
  publisher={Cambridge university press},
  note           = {Chap. 5 contains a semi-classical treatment of light-matter interaction. The discussion on a thermal photon reservoir can be found in Sec. 8.2.1.},
}