@book{franz2013topological,
  title={Topological insulators},
  author={Franz, Marcel and Molenkamp, Laurens},
  year={2013},
  publisher={Elsevier}
}