@misc{dupuis,
  author = {Nicolas Dupuis},
  title = {{Notes on the Many-Body Problem}},
  howpublished = "\url{https://www.lptmc.jussieu.fr/users/dupuis}",
  year = {2022}
}