@article{Souza_2008,
   title={Quantifying the decay of quantum properties in single-mode states},
   volume={281},
   ISSN={0030-4018},
   url={http://dx.doi.org/10.1016/j.optcom.2008.06.017},
   DOI={10.1016/j.optcom.2008.06.017},
   number={18},
   journal={Optics Communications},
   publisher={Elsevier BV},
   author={Souza, L.A.M. and Nemes, M.C. and França Santos, M. and Peixoto de Faria, J.G.},
   year={2008},
   month={Sep},
   pages={4696–4704}
}

@article{hillery2009introduction,
  title={An introduction to the quantum theory of nonlinear optics},
  author={Hillery, Mark},
  journal={arXiv preprint arXiv:0901.3439},
  year={2009}
}