@book{Scully1997,
  doi = {10.1017/cbo9780511813993},
  url = {https://doi.org/10.1017/cbo9780511813993},
  year = {1997},
  month = sep,
  publisher = {Cambridge University Press},
  author = {Marlan O. Scully and M. Suhail Zubairy},
  title = {Quantum Optics}
}

@article{hillery2009introduction,
  title={An introduction to the quantum theory of nonlinear optics},
  author={Hillery, Mark},
  journal={arXiv preprint arXiv:0901.3439},
  year={2009}
}