@article{Gitin_2013,
	doi = {10.1364/ao.52.007419},
	url = {https://doi.org/10.1364%2Fao.52.007419},
	year = 2013,
	month = {oct},
	publisher = {The Optical Society},
	volume = {52},
	number = {31},
	pages = {7419},
	author = {Andrey V. Gitin},
	title = {Huygens{\textendash}Feynman{\textendash}Fresnel principle as the basis of applied optics},
	journal = {Applied Optics}
}
