@article{rammer1986quantum,
  title={Quantum field-theoretical methods in transport theory of metals},
  author={Rammer, J{\o}rgen and Smith, H},
  journal={Reviews of modern physics},
  volume={58},
  number={2},
  pages={323},
  year={1986},
  publisher={APS}
}

@book{kremp2005quantum,
  title={Quantum statistics of nonideal plasmas},
  author={Kremp, Dietrich and Schlanges, Manfred and Kraeft, Wolf-Dietrich},
  volume={25},
  year={2005},
  publisher={Springer Science \& Business Media},
  note           = {The equivalence between the matrix form and the complex contour form of Keldysh formalism is discussed on p. 91.},
}

@article{rammer1986quantum,
  title={Quantum field-theoretical methods in transport theory of metals},
  author={Rammer, J{\o}rgen and Smith, H},
  journal={Reviews of modern physics},
  volume={58},
  number={2},
  pages={323},
  year={1986},
  publisher={APS}
}

@article{vspivcka2005long,
  title={Long and short time quantum dynamics: I. Between Green's functions and transport equations},
  author={{\v{S}}pi{\v{c}}ka, V{\'a}clav and Velick{\`y}, Bed{\v{r}}ich and Kalvov{\'a}, And{\v{e}}la},
  journal={Physica E: Low-dimensional Systems and Nanostructures},
  volume={29},
  number={1-2},
  pages={154--174},
  year={2005},
  publisher={Elsevier}
}

@article{PhysRevB.92.205304,
  title = {Nonequilibrium Bethe-Salpeter equation for transient photoabsorption spectroscopy},
  author = {Perfetto, E. and Sangalli, D. and Marini, A. and Stefanucci, G.},
  journal = {Phys. Rev. B},
  volume = {92},
  issue = {20},
  pages = {205304},
  numpages = {13},
  year = {2015},
  month = {Nov},
  publisher = {American Physical Society},
  doi = {10.1103/PhysRevB.92.205304},
  url = {https://link.aps.org/doi/10.1103/PhysRevB.92.205304},
  note            = {Also see references within.},
}

@article{lipavsky1986generalized,
  title={Generalized Kadanoff-Baym ansatz for deriving quantum transport equations},
  author={Lipavsk{\`y}, Pavel and {\v{S}}pi{\v{c}}ka, V{\'a}clav and Velick{\`y}, Bed{\v{r}}ich},
  journal={Physical Review B},
  volume={34},
  number={10},
  pages={6933},
  year={1986},
  publisher={APS}
}

@inproceedings{hermanns2013few,
  title={Few-particle quantum dynamics--comparing nonequilibrium Green functions with the generalized Kadanoff--Baym ansatz to density operator theory},
  author={Hermanns, Sebastian and Balzer, Karsten and Bonitz, Michael},
  booktitle={Journal of Physics: Conference Series},
  volume={427},
  number={1},
  pages={012008},
  year={2013},
  organization={IOP Publishing}
}

@phdthesis{faber2014electronic,
  title={Electronic, excitonic and polaronic properties of organic systems within the many-body GW and Bethe-Salpeter formalisms: towards organic photovoltaics},
  author={Faber, Carina},
  year={2014},
  school={Universit{\'e} de Grenoble}
}