@article{berger2020potential,
  title={Potential Energy Surfaces without Unphysical Discontinuities: The Coulomb Hole Plus Screened Exchange Approach},
  author={Berger, J Arjan and Loos, Pierre-Fran{\c{c}}ois and Romaniello, Pina},
  journal={Journal of Chemical Theory and Computation},
  volume={17},
  number={1},
  pages={191--200},
  year={2020},
  publisher={ACS Publications}
}