@article{perdew1982density,
  title={Density-functional theory for fractional particle number: derivative discontinuities of the energy},
  author={Perdew, John P and Parr, Robert G and Levy, Mel and Balduz Jr, Jose L},
  journal={Physical Review Letters},
  volume={49},
  number={23},
  pages={1691},
  year={1982},
  publisher={APS}
}