%region Convergence problem

@article{shih2010quasiparticle,
  title={Quasiparticle band gap of ZnO: High accuracy from the conventional G 0 W 0 approach},
  author={Shih, Bi-Ching and Xue, Yu and Zhang, Peihong and Cohen, Marvin L and Louie, Steven G},
  journal={Physical review letters},
  volume={105},
  number={14},
  pages={146401},
  year={2010},
  publisher={APS}
}

%endregion