@article{aryasetiawan20117,
  title={7 The Constrained RPA Method for Calculating the Hubbard U from First-Principles},
  author={Aryasetiawan, F and Miyake, T and Sakuma, R},
  journal={The LDA+ DMFT approach to strongly correlated materials},
  year={2011}
}

@article{aryasetiawan2004frequency,
  title={Frequency-dependent local interactions and low-energy effective models from electronic structure calculations},
  author={Aryasetiawan, F and Imada, M and Georges, A and Kotliar, G and Biermann, S and Lichtenstein, AI},
  journal={Physical Review B},
  volume={70},
  number={19},
  pages={195104},
  year={2004},
  publisher={APS}
}