@article{del1993optical,
  title={Optical properties of semiconductors within the independent-quasiparticle approximation},
  author={Del Sole, R and Girlanda, Raffaello},
  journal={Physical Review B},
  volume={48},
  number={16},
  pages={11789},
  year={1993},
  publisher={APS}
}

@article{rohlfing2000electron,
  title={Electron-hole excitations and optical spectra from first principles},
  author={Rohlfing, Michael and Louie, Steven G},
  journal={Physical Review B},
  volume={62},
  number={8},
  pages={4927},
  year={2000},
  publisher={APS}
}

@article{adolph1996nonlocality,
  title={Nonlocality and many-body effects in the optical properties of semiconductors},
  author={Adolph, B and Gavrilenko, VI and Tenelsen, K and Bechstedt, F and Del Sole, R},
  journal={Physical Review B},
  volume={53},
  number={15},
  pages={9797},
  year={1996},
  publisher={APS}
}

@article{wider63,
  title = {Dielectric Constant with Local Field Effects Included},
  author = {Wiser, Nathan},
  journal = {Phys. Rev.},
  volume = {129},
  issue = {1},
  pages = {62--69},
  numpages = {0},
  year = {1963},
  month = {Jan},
  publisher = {American Physical Society},
  doi = {10.1103/PhysRev.129.62},
  url = {https://link.aps.org/doi/10.1103/PhysRev.129.62}
}

@article{perfetto2016first,
  title={First-principles approach to excitons in time-resolved and angle-resolved photoemission spectra},
  author={Perfetto, E and Sangalli, D and Marini, A and Stefanucci, G},
  journal={Physical Review B},
  volume={94},
  number={24},
  pages={245303},
  year={2016},
  publisher={APS}
}

@article{rustagi2018photoemission,
  title={Photoemission signature of excitons},
  author={Rustagi, Avinash and Kemper, Alexander F},
  journal={Physical Review B},
  volume={97},
  number={23},
  pages={235310},
  year={2018},
  publisher={APS}
}