@article{zhang2022finite,
  title={Finite-temperature phonon dispersion and vibrational dynamics of BaTiO 3 from first-principles molecular dynamics},
  author={Zhang, Xiaohan and Zhang, Chunyi and Zhang, Cui and Zhang, Ping and Kang, Wei},
  journal={Physical Review B},
  volume={105},
  number={1},
  pages={014304},
  year={2022},
  publisher={APS}
}