@article{brueckner1955many,
  title={Many-body problem for strongly interacting particles. II. Linked cluster expansion},
  author={Brueckner, KA},
  journal={Physical Review},
  volume={100},
  number={1},
  pages={36},
  year={1955},
  publisher={APS}
}