@article{hedin1965new,
  title={New method for calculating the one-particle Green's function with application to the electron-gas problem},
  author={Hedin, Lars},
  journal={Physical Review},
  volume={139},
  number={3A},
  pages={A796},
  year={1965},
  publisher={APS}
}