@article{mar1992metal,
  title={Metal-metal vs tellurium-tellurium bonding in WTe2 and its ternary variants TaIrTe4 and NbIrTe4},
  author={Mar, Arthur and Jobic, Stephane and Ibers, James A},
  journal={Journal of the American Chemical Society},
  volume={114},
  number={23},
  pages={8963--8971},
  year={1992},
  publisher={ACS Publications}
}