@article{brouder2007exponential,
  title={Exponential localization of Wannier functions in insulators},
  author={Brouder, Christian and Panati, Gianluca and Calandra, Matteo and Mourougane, Christophe and Marzari, Nicola},
  journal={Physical review letters},
  volume={98},
  number={4},
  pages={046402},
  year={2007},
  publisher={APS}
}

@article{marzari2012maximally,
  title={Maximally localized Wannier functions: Theory and applications},
  author={Marzari, Nicola and Mostofi, Arash A and Yates, Jonathan R and Souza, Ivo and Vanderbilt, David},
  journal={Reviews of Modern Physics},
  volume={84},
  number={4},
  pages={1419},
  year={2012},
  publisher={APS}
}