% Spin liquid bases approaches

@article{2021crystal,
   title={Extraordinary $\pi$-electron superconductivity emerging from a quantum spin liquid},
   volume={3},
   ISSN={2643-1564},
   url={http://dx.doi.org/10.1103/PhysRevResearch.3.033026},
   DOI={10.1103/physrevresearch.3.033026},
   number={3},
   journal={Physical Review Research},
   publisher={American Physical Society (APS)},
   author={Imajo, S. and Sugiura, S. and Akutsu, H. and Kohama, Y. and Isono, T. and Terashima, T. and Kindo, K. and Uji, S. and Nakazawa, Y.},
   year={2021},
   month={Jul}
}

@article{2007,
   title={Amperean Pairing Instability in the U(1) Spin Liquid State with Fermi Surface and Application to $\kappa$-(BEDT-TTF)2Cu2(CN)3},
   volume={98},
   ISSN={1079-7114},
   url={http://dx.doi.org/10.1103/PhysRevLett.98.067006},
   DOI={10.1103/physrevlett.98.067006},
   number={6},
   journal={Physical Review Letters},
   publisher={American Physical Society (APS)},
   author={Lee, Sung-Sik and Lee, Patrick A. and Senthil, T.},
   year={2007},
   month={Feb}
}
