%region Keldysh formalism 

@book{haug2008quantum,
  title={Quantum kinetics in transport and optics of semiconductors},
  author={Haug, Hartmut and Jauho, Antti-Pekka and others},
  volume={2},
  year={2008},
  publisher={Springer}
}

@incollection{lifschitz1983physical,
  title={Physical kinetics},
  author={Lifschitz, EM and Pitajewski, LP},
  booktitle={Textbook of theoretical physics. 10},
  year={1983}
}

@article{vspivcka2005long,
  title={Long and short time quantum dynamics: I. Between Green's functions and transport equations},
  author={{\v{S}}pi{\v{c}}ka, V{\'a}clav and Velick{\`y}, Bed{\v{r}}ich and Kalvov{\'a}, And{\v{e}}la},
  journal={Physica E: Low-dimensional Systems and Nanostructures},
  volume={29},
  number={1-2},
  pages={154--174},
  year={2005},
  publisher={Elsevier}
}

@article{vspivcka2005long2,
  title={Long and short time quantum dynamics: II. Kinetic regime},
  author={{\v{S}}pi{\v{c}}ka, V{\'a}clav and Velick{\`y}, Bed{\v{r}}ich and Kalvov{\'a}, And{\v{e}}la},
  journal={Physica E: Low-dimensional Systems and Nanostructures},
  volume={29},
  number={1-2},
  pages={175--195},
  year={2005},
  publisher={Elsevier}
}

@article{vspivcka2005long3,
  title={Long and short time quantum dynamics: III. Transients},
  author={{\v{S}}pi{\v{c}}ka, V{\'a}clav and Velick{\`y}, Bed{\v{r}}ich and Kalvov{\'a}, And{\v{e}}la},
  journal={Physica E: Low-dimensional Systems and Nanostructures},
  volume={29},
  number={1-2},
  pages={196--212},
  year={2005},
  publisher={Elsevier}
}

@article{rammer1986quantum,
  title={Quantum field-theoretical methods in transport theory of metals},
  author={Rammer, J{\o}rgen and Smith, H},
  journal={Reviews of modern physics},
  volume={58},
  number={2},
  pages={323},
  year={1986},
  publisher={APS}
}

@article{jauho1994time,
  title={Time-dependent transport in interacting and noninteracting resonant-tunneling systems},
  author={Jauho, Antti-Pekka and Wingreen, Ned S and Meir, Yigal},
  journal={Physical Review B},
  volume={50},
  number={8},
  pages={5528},
  year={1994},
  publisher={APS}
}

%endregion

%region Boltzmann equation applications 

@article{chen2022first,
  title={First-principles ultrafast exciton dynamics and time-domain spectroscopies: Dark-exciton mediated valley depolarization in monolayer WSe 2},
  author={Chen, Hsiao-Yi and Sangalli, Davide and Bernardi, Marco},
  journal={Physical Review Research},
  volume={4},
  number={4},
  pages={043203},
  year={2022},
  publisher={APS}
}

@article{wais2018quantum,
  title={Quantum Boltzmann equation for strongly correlated systems: Comparison to dynamical mean field theory},
  author={Wais, Michael and Eckstein, Martin and Fischer, Roland and Werner, Philipp and Battiato, Marco and Held, Karsten},
  journal={Physical Review B},
  volume={98},
  number={13},
  pages={134312},
  year={2018},
  publisher={APS}
}

%endregion

%region Examples of applications 

@article{chan2021giant,
  title={Giant exciton-enhanced shift currents and direct current conduction with subbandgap photo excitations produced by many-electron interactions},
  author={Chan, Yang-Hao and Qiu, Diana Y and da Jornada, Felipe H and Louie, Steven G},
  journal={Proceedings of the National Academy of Sciences},
  volume={118},
  number={25},
  pages={e1906938118},
  year={2021},
  publisher={National Acad Sciences}
}

%endregion