@article{cooper_magnetic,
  title = {Magnetic Susceptibility of Copper Metal at Low Temperatures},
  author = {Bowers, Raymond},
  journal = {Phys. Rev.},
  volume = {102},
  issue = {6},
  pages = {1486--1488},
  numpages = {0},
  year = {1956},
  month = {Jun},
  publisher = {American Physical Society},
  doi = {10.1103/PhysRev.102.1486},
  url = {https://link.aps.org/doi/10.1103/PhysRev.102.1486}
}

@article{schenck1996role,
  title={The role of magnetic susceptibility in magnetic resonance imaging: MRI magnetic compatibility of the first and second kinds},
  author={Schenck, John F},
  journal={Medical physics},
  volume={23},
  number={6},
  pages={815--850},
  year={1996},
  publisher={Wiley Online Library}
}

@article{eu2o3,
author = {Kern,S.  and Kostelecky,R. },
title = {Magnetic Susceptibility of Eu2O3},
journal = {Journal of Applied Physics},
volume = {42},
number = {4},
pages = {1773-1774},
year = {1971},
doi = {10.1063/1.1660427},
URL = {https://doi.org/10.1063/1.1660427},
eprint = {https://doi.org/10.1063/1.1660427}
}

@article{taylor1938magnetic,
  title={The magnetic susceptibility of the iron in ferrohemoglobin},
  author={Taylor, Donald S and Coryell, Charles D},
  journal={Journal of the American Chemical Society},
  volume={60},
  number={5},
  pages={1177--1181},
  year={1938},
  publisher={ACS Publications}
}