@article{singh2014magnetoencephalography,
  title={Magnetoencephalography: basic principles},
  author={Singh, Sanjay P},
  journal={Annals of Indian Academy of Neurology},
  volume={17},
  number={Suppl 1},
  pages={S107},
  year={2014},
  publisher={Wolters Kluwer--Medknow Publications}
}