@book{pines2018theory,
  title={Theory of Quantum Liquids: Normal Fermi Liquids},
  author={Pines, David},
  year={2018},
  publisher={CRC Press},
  note={The ``expansion of energy'' subsection in Section 1.4 is about the short-range condition.
  The ``charged v.s. neutral system'' subsection in Section 3.3 compares plasmon with zero sound.
  The inability of quantum Boltzmann equation to capture microscopic bound states 
  is discussed on p. 56.}
}

@article{silin1958theory,
  title={Theory of a degenerate electron liquid},
  author={Silin, VP},
  journal={Soviet Physics Jetp-Ussr},
  volume={6},
  number={2},
  pages={387--391},
  year={1958}
}

@article{peletminsky1999phase,
  title={On phase transitions in a Fermi liquid. II. Transition associated with translational symmetry breaking},
  author={Peletminsky, AS and Peletminsky, SV and Slyusarenko, Yu V},
  journal={Low Temperature Physics},
  volume={25},
  number={5},
  pages={303--313},
  year={1999},
  publisher={American Institute of Physics}
}

@article{kee2005itinerant,
  title={Itinerant metamagnetism induced by electronic nematic order},
  author={Kee, Hae-Young and Kim, Yong Baek},
  journal={Physical Review B},
  volume={71},
  number={18},
  pages={184402},
  year={2005},
  publisher={APS},
  note            = {The model Hamiltonian is (1), 
  and the Fermi surface configurations and the magnetization curve 
  are displayed in Fig. 2.},
}

@book{lifshitz2013statistical,
  title={Statistical physics: theory of the condensed state},
  author={Lifshitz, Evgenii Mikhailovich and Pitaevskii, Lev Petrovich},
  volume={9},
  year={2013},
  publisher={Elsevier},
  note           = {Discussion on sound modes in Fermi liquid can be found in Secs. 2, 4.},
}

@article{khalatnikov1958dispersion,
  title={Dispersion of sound in a Fermi liquid},
  author={Khalatnikov, IM and Abrikosov, AA},
  journal={Soviet Journal of Experimental and Theoretical Physics},
  volume={6},
  pages={84},
  year={1958}
}

@article{grad1966high,
  title={High frequency sound according to the Boltzmann equation},
  author={Grad, Harold},
  journal={SIAM Journal on Applied Mathematics},
  volume={14},
  number={4},
  pages={935--955},
  year={1966},
  publisher={SIAM}
}

@book{Wen2007,
  doi = {10.1093/acprof:oso/9780199227259.001.0001},
  url = {https://doi.org/10.1093/acprof:oso/9780199227259.001.0001},
  year = {2007},
  month = sep,
  publisher = {Oxford University Press},
  author = {Xiao-Gang Wen},
  title = {Quantum Field Theory of Many-Body Systems}
}

@article{klimontovich1981quantum,
  title={Quantum kinetic equations in systems with bound states},
  author={Klimontovich, Yu L and Kremp, D},
  journal={Physica A: Statistical Mechanics and its Applications},
  volume={109},
  number={3},
  pages={517--530},
  year={1981},
  publisher={Elsevier}
}

@article{patton2003trion,
  title={Trion, biexciton, and exciton dynamics in single self-assembled CdSe quantum dots},
  author={Patton, Brian and Langbein, W and Woggon, U},
  journal={Physical Review B},
  volume={68},
  number={12},
  pages={125316},
  year={2003},
  publisher={APS}
}

@article{singh2016trion,
  title={Trion formation dynamics in monolayer transition metal dichalcogenides},
  author={Singh, Akshay and Moody, Galan and Tran, Kha and Scott, Marie E and Overbeck, Vincent and Bergh{\"a}user, Gunnar and Schaibley, John and Seifert, Edward J and Pleskot, Dennis and Gabor, Nathaniel M and others},
  journal={Physical Review B},
  volume={93},
  number={4},
  pages={041401},
  year={2016},
  publisher={APS}
}

@book{kadanoff2018quantum,
  title={Quantum statistical mechanics},
  author={Kadanoff, Leo P},
  year={2018},
  publisher={CRC Press}
}

@article{belitz2022soft,
  title={Soft modes in Fermi liquids at arbitrary temperatures},
  author={Belitz, D and Kirkpatrick, TR},
  journal={Physical Review B},
  volume={105},
  number={24},
  pages={245146},
  year={2022},
  publisher={APS}
}