%region Phonon

@article{messaoudi2015band,
  title={Band-gap and phonon distribution in alkali halides},
  author={Messaoudi, IS and Zaoui, A and Ferhat, M},
  journal={physica status solidi (b)},
  volume={252},
  number={3},
  pages={490--495},
  year={2015},
  publisher={Wiley Online Library}
}

%endregion