@phdthesis{alqahtani2016structure,
  title={The structure and distribution of Determiner Phrases in Arabic: Standard Arabic and Saudi dialects},
  author={AlQahtani, Saleh Jarallah},
  year={2016},
  school={Universit{\'e} d'Ottawa/University of Ottawa}
}