@incollection{borer1999deconstructing,
  title={Deconstructing the construct},
  author={Borer, Hagit},
  booktitle={Beyond principles and parameters: Essays in memory of Osvaldo Jaeggli},
  pages={43--89},
  year={1999},
  publisher={Springer}
}

@article{alexiadou2005possessors,
  title={Possessors and (in) definiteness},
  author={Alexiadou, Artemis},
  journal={Lingua},
  volume={115},
  number={6},
  pages={787--819},
  year={2005},
  publisher={Elsevier}
}

@article{shlonsky2012some,
  title={On some properties of nominals in Hebrew and Arabic, the construct state and the mechanisms of AGREE and MOVE},
  author={Shlonsky, Ur and others},
  journal={Italian Journal of Linguistics},
  volume={24},
  number={2},
  pages={267--286},
  year={2012}
}

@book{glinert2004grammar,
  title={The grammar of modern Hebrew},
  author={Glinert, Lewis},
  year={2004},
  publisher={Cambridge University Press}
}

@inproceedings{siloni2003prosodic,
  title={Prosodic Case checking domain},
  author={Siloni, Tal},
  booktitle={Research in Afroasiatic Grammar II: Selected papers from the Fifth Conference on Afroasiatic Languages, Paris, 2000},
  volume={241},
  pages={481},
  year={2003},
  organization={John Benjamins Publishing}
}

@article{winter2005some,
  title={On some problems of (in) definiteness within flexible semantics},
  author={Winter, Yoad},
  journal={Lingua},
  volume={115},
  number={6},
  pages={767--786},
  year={2005},
  publisher={Elsevier}
}

@incollection{dobrovie2000definiteness,
  title={(In) definiteness spread: from Romanian genitives to Hebrew construct state nominals},
  author={Dobrovie-Sorin, Carmen},
  booktitle={Comparative studies in Romanian syntax},
  pages={177--226},
  year={2000},
  publisher={Brill}
}

%region For typology

@book{cgel, 
  place={Cambridge}, 
  title={The Cambridge Grammar of the English Language}, 
  DOI={10.1017/9781316423530}, 
  publisher={Cambridge University Press}, 
  author={Huddleston, Rodney and Pullum, Geoffrey K.}, 
  year={2002}
}

@book{cinque2010syntax,
  title={The syntax of adjectives: A comparative study},
  author={Cinque, Guglielmo},
  year={2010},
  publisher={MIT Press}
}

@article{ihsane2001specific,
  title={Specific is not definite},
  author={Ihsane, Tabea and Pusk{\'a}s, Genoveva},
  journal={Generative grammar in Geneva},
  volume={2},
  pages={39--54},
  year={2001}
}

%endregion

@incollection{bat20082,
  title={Semitic verb structure within a universal perspective},
  author={Bat-El, Outi},
  booktitle={Language processing and acquisition in languages of Semitic, root-based, morphology},
  pages={29--59},
  year={2008},
  publisher={John Benjamins Publishing Company}
}

@incollection{bolozky2008roots,
  title={The ‘roots’ of denominative Hebrew verbs},
  author={Bolozky, Shmuel},
  booktitle={Language Processing and Acquisition in Languages of Semitic, Root-Based, Morphology},
  pages={131--146},
  year={2008},
  publisher={John Benjamins Publishing Company}
}