@book{khan2013encyclopedia3,
  title={Encyclopedia of Hebrew language and linguistics, Volume 3},
  author={Khan, Geoffrey and Bolozky, Shmuel and Fassberg, Steven E and Rendsburg, Gary A and Rubin, Aaron D and Schwarzwald, Ora and Zewi, Tamar},
  volume={3},
  year={2013},
  publisher={Brill Leiden}
}

@book{khan2011semitic,
  title={The Semitic languages: An international handbook},
  author={Khan, Geoffrey and Streck, Michael P and Watson, Janet CE},
  volume={36},
  year={2011},
  publisher={Walter de Gruyter}
}

@book{pat2019semitic,
  title={The Semitic languages (2nd Edition)},
  author={Pat-El, Na'ama and Huehnergard, J},
  year={2019},
  publisher={Routledge Oxfordshire}
}

@article{huehnergard1995aramaic,
  title={What is Aramaic?},
  author={Huehnergard, John},
  journal={ARAM Periodical},
  volume={7},
  number={2},
  pages={261--282},
  year={1995}
}