@incollection{capelle2003density,
  title={Density-functional theory for the Hubbard model: numerical results for the Luttinger liquid and the Mott insulator},
  author={Capelle, K and Lima, NA and Silva, MF and Oliveira, LN},
  booktitle={The Fundamentals of Electron Density, Density Matrix and Density Functional Theory in Atoms, Molecules and the Solid State},
  pages={145--168},
  year={2003},
  publisher={Springer}
}

@article{Pribram_Jones_2015,
   title={DFT: A Theory Full of Holes?},
   volume={66},
   ISSN={1545-1593},
   url={http://dx.doi.org/10.1146/annurev-physchem-040214-121420},
   DOI={10.1146/annurev-physchem-040214-121420},
   number={1},
   journal={Annual Review of Physical Chemistry},
   publisher={Annual Reviews},
   author={Pribram-Jones, Aurora and Gross, David A. and Burke, Kieron},
   year={2015},
   month={Apr},
   pages={283–304}
}

@article{mermin1965,
  title = {Thermal Properties of the Inhomogeneous Electron Gas},
  author = {Mermin, N. David},
  journal = {Phys. Rev.},
  volume = {137},
  issue = {5A},
  pages = {A1441--A1443},
  numpages = {0},
  year = {1965},
  month = {Mar},
  publisher = {American Physical Society},
  doi = {10.1103/PhysRev.137.A1441},
  url = {https://link.aps.org/doi/10.1103/PhysRev.137.A1441}
}

@article{Aryasetiawan_2006,
   title={Calculations of HubbardUfrom first-principles},
   volume={74},
   ISSN={1550-235X},
   url={http://dx.doi.org/10.1103/PhysRevB.74.125106},
   DOI={10.1103/physrevb.74.125106},
   number={12},
   journal={Physical Review B},
   publisher={American Physical Society (APS)},
   author={Aryasetiawan, F. and Karlsson, K. and Jepsen, O. and Schönberger, U.},
   year={2006},
   month={Sep}
}
