@article{Castro_Neto_1994,
   title={Bosonization of Fermi liquids},
   volume={49},
   ISSN={1095-3795},
   url={http://dx.doi.org/10.1103/PhysRevB.49.10877},
   DOI={10.1103/physrevb.49.10877},
   number={16},
   journal={Physical Review B},
   publisher={American Physical Society (APS)},
   author={Castro Neto, A. H. and Fradkin, Eduardo},
   year={1994},
   month={Apr},
   pages={10877–10892}
}

@article{haldane-boson,
Author = {F. D. M. Haldane},
Title = {Luttinger's Theorem and Bosonization of the Fermi Surface},
Year = {2005},
Eprint = {arXiv:cond-mat/0505529},
Howpublished = {Proceedings of the International School of Physics "Enrico Fermi",
  Course CXXI "Perspectives in Many-Particle Physics" eds. R. A. Broglia and J.
  R. Schrieffer (North-Holland, Amsterdam 1994) pp 5-29},
}

@article{Chandra_2019,
   title={Hydrodynamic and ballistic AC transport in two-dimensional Fermi liquids},
   volume={99},
   ISSN={2469-9969},
   url={http://dx.doi.org/10.1103/PhysRevB.99.165409},
   DOI={10.1103/physrevb.99.165409},
   number={16},
   journal={Physical Review B},
   publisher={American Physical Society (APS)},
   author={Chandra, Mani and Kataria, Gitansh and Sahdev, Deshdeep and Sundararaman, Ravishankar},
   year={2019},
   month={Apr}
}

@article{sound-fermi-liquid,
   title={Zero and First Sound in Normal Fermi Systems},
   volume={158},
   ISSN={1573-7357},
   url={http://dx.doi.org/10.1007/s10909-009-0043-4},
   DOI={10.1007/s10909-009-0043-4},
   number={5-6},
   journal={Journal of Low Temperature Physics},
   publisher={Springer Science and Business Media LLC},
   author={Watabe, Shohei and Osawa, Aiko and Nikuni, Tetsuro},
   year={2009},
   month={Nov},
   pages={773–805}
}

@misc{hs-bosonization,
Author = {I. Yurkevich},
Title = {Bosonisation as the Hubbard-Stratonovich Transformation},
Year = {2001},
Eprint = {arXiv:cond-mat/0112270},
}

@misc{Polchinski-fermi,
  doi = {10.48550/ARXIV.HEP-TH/9210046},
  
  url = {https://arxiv.org/abs/hep-th/9210046},
  
  author = {Polchinski, Joseph},
  
  keywords = {High Energy Physics - Theory (hep-th), Condensed Matter (cond-mat), High Energy Physics - Lattice (hep-lat), High Energy Physics - Phenomenology (hep-ph), FOS: Physical sciences, FOS: Physical sciences},
  
  title = {Effective Field Theory and the Fermi Surface},
  
  publisher = {arXiv},
  
  year = {1992},
  
  copyright = {Assumed arXiv.org perpetual, non-exclusive license to distribute this article for submissions made before January 2004}
}

@article{PhysRevLett.75.689,
  title = {Static Response and Local Field Factor of the Electron Gas},
  author = {Moroni, Saverio and Ceperley, David M. and Senatore, Gaetano},
  journal = {Phys. Rev. Lett.},
  volume = {75},
  issue = {4},
  pages = {689--692},
  numpages = {0},
  year = {1995},
  month = {Jul},
  publisher = {American Physical Society},
  doi = {10.1103/PhysRevLett.75.689},
  url = {https://link.aps.org/doi/10.1103/PhysRevLett.75.689}
}

@article{PhysRevB.104.195142,
  title = {Quantitative electron-electron interaction using local field factors from quantum Monte Carlo calculations},
  author = {Kukkonen, Carl A. and Chen, Kun},
  journal = {Phys. Rev. B},
  volume = {104},
  issue = {19},
  pages = {195142},
  numpages = {14},
  year = {2021},
  month = {Nov},
  publisher = {American Physical Society},
  doi = {10.1103/PhysRevB.104.195142},
  url = {https://link.aps.org/doi/10.1103/PhysRevB.104.195142}
}

@article{RevModPhys.53.81,
  title = {On an admissible sign of the static dielectric function of matter},
  author = {Dolgov, O. V. and Kirzhnits, D. A. and Maksimov, E. G.},
  journal = {Rev. Mod. Phys.},
  volume = {53},
  issue = {1},
  pages = {81--93},
  numpages = {0},
  year = {1981},
  month = {Jan},
  publisher = {American Physical Society},
  doi = {10.1103/RevModPhys.53.81},
  url = {https://link.aps.org/doi/10.1103/RevModPhys.53.81}
}

@article{sykes1970transport,
  title={The transport coefficients of a fermi liquid},
  author={Sykes, J and Brooker, GA},
  journal={Annals of Physics},
  volume={56},
  number={1},
  pages={1--39},
  year={1970},
  publisher={Elsevier}
}