@article{Bernardi_2016,
   title={First-principles dynamics of electrons and phonons*},
   volume={89},
   ISSN={1434-6036},
   url={http://dx.doi.org/10.1140/epjb/e2016-70399-4},
   DOI={10.1140/epjb/e2016-70399-4},
   number={11},
   journal={The European Physical Journal B},
   publisher={Springer Science and Business Media LLC},
   author={Bernardi, Marco},
   year={2016},
   month={Nov}
}
