@misc{itensor,
title={The \mbox{ITensor} Software Library for Tensor Network Calculations},
author={Matthew Fishman and Steven R. White and E. Miles Stoudenmire},
year={2020},
eprint={2007.14822},
archivePrefix={arXiv}
}


@misc{beer2018categories,
      title={From categories to anyons: a travelogue}, 
      author={Kerstin Beer and Dmytro Bondarenko and Alexander Hahn and Maria Kalabakov and Nicole Knust and Laura Niermann and Tobias J. Osborne and Christin Schridde and Stefan Seckmeyer and Deniz E. Stiegemann and Ramona Wolf},
      year={2018},
      eprint={1811.06670},
      archivePrefix={arXiv},
      primaryClass={quant-ph}
}

@article{Shaofeng1995,
  doi = {10.1103/physreve.51.1004},
  url = {https://doi.org/10.1103/physreve.51.1004},
  year = {1995},
  month = feb,
  publisher = {American Physical Society ({APS})},
  volume = {51},
  number = {2},
  pages = {1004--1005},
  author = {Wang Shaofeng},
  title = {Jordan-Wigner transformation in a higher-dimensional lattice},
  journal = {Physical Review E}
}

@article{Batista_2001,
   title={Generalized Jordan-Wigner Transformations},
   volume={86},
   ISSN={1079-7114},
   url={http://dx.doi.org/10.1103/PhysRevLett.86.1082},
   DOI={10.1103/physrevlett.86.1082},
   number={6},
   journal={Physical Review Letters},
   publisher={American Physical Society (APS)},
   author={Batista, C. D. and Ortiz, G.},
   year={2001},
   month={Feb},
   pages={1082–1085}
}

@book{new_structures,
  doi = {10.1007/978-3-642-12821-9},
  url = {https://doi.org/10.1007/978-3-642-12821-9},
  year = {2011},
  publisher = {Springer Berlin Heidelberg},
  editor = {Bob Coecke},
  title = {New Structures for Physics}
}

@article{Levin_2005,
   title={String-net condensation: A physical mechanism for topological phases},
   volume={71},
   ISSN={1550-235X},
   url={http://dx.doi.org/10.1103/PhysRevB.71.045110},
   DOI={10.1103/physrevb.71.045110},
   number={4},
   journal={Physical Review B},
   publisher={American Physical Society (APS)},
   author={Levin, Michael A. and Wen, Xiao-Gang},
   year={2005},
   month={Jan}
}

@misc{viefers_anyons,
  author       = {Susanne F. Viefers},
  title        = {Field Theory of Anyons and the Fractional Quantum Hall Effect},
  howpublished = "\url{https://inis.iaea.org/collection/NCLCollectionStore/_Public/30/061/30061237.pdf}",
  year         = {1997}
}

@misc{international-tables,
  doi = {10.1107/97809553602060000001},
  url = {https://doi.org/10.1107/97809553602060000001},
  publisher = {International Union of Crystallography},
  author = {C. P. Brock and Th. Hahn and H. Wondratschek and U. M\"{u}ller and U. Shmueli and E. Prince and A. Authier and V. Kopsk{\'{y}} and D. B. Litvin and E. Arnold and D. M. Himmel and M. G. Rossmann and S. Hall and B. McMahon and M. I. Aroyo and C. J. Gilmore and J. A. Kaduk and H. Schenk and C. Chantler and F. Boscherini and B. Bunker},
  title = {International Tables for Crystallography}
}

@article{Orus_tensor,
   title={A practical introduction to tensor networks: Matrix product states and projected entangled pair states},
   volume={349},
   ISSN={0003-4916},
   url={http://dx.doi.org/10.1016/j.aop.2014.06.013},
   DOI={10.1016/j.aop.2014.06.013},
   journal={Annals of Physics},
   publisher={Elsevier BV},
   author={Orús, Román},
   year={2014},
   month={Oct},
   pages={117–158}
}

@book{Engel2011,
  doi = {10.1007/978-3-642-14090-7},
  url = {https://doi.org/10.1007/978-3-642-14090-7},
  year = {2011},
  publisher = {Springer Berlin Heidelberg},
  author = {Eberhard Engel and Reiner M. Dreizler},
  title = {Density Functional Theory}
}

@misc{jafari2008introduction,
      title={Introduction to Hubbard Model and Exact Diagonalization}, 
      author={S. A. Jafari},
      year={2008},
      eprint={0807.4878},
      archivePrefix={arXiv},
      primaryClass={cond-mat.str-el}
}

@article{Asb_th_2016,
   title={A Short Course on Topological Insulators},
   ISBN={9783319256078},
   ISSN={1616-6361},
   url={http://dx.doi.org/10.1007/978-3-319-25607-8},
   DOI={10.1007/978-3-319-25607-8},
   journal={Lecture Notes in Physics},
   publisher={Springer International Publishing},
   author={Asbóth, János K. and Oroszlány, László and Pályi, András},
   year={2016}
}

@incollection{topological_insulator_concepts,
	doi = {10.1016/b978-0-444-63314-9.00012-3},
	url = {https://doi.org/10.1016%2Fb978-0-444-63314-9.00012-3},
	year = 2013,
	publisher = {Elsevier},
	pages = {i},
	title = {Topological Insulators},
	booktitle = {Contemporary Concepts of Condensed Matter Science}
}

@article{Chan_2016,
	doi = {10.1103/physrevb.93.155122},
	url = {https://doi.org/10.1103%2Fphysrevb.93.155122},
	year = 2016,
	month = {apr},
	publisher = {American Physical Society ({APS})},
	volume = {93},
	number = {15},
	author = {AtMa P. O. Chan and Thomas Kvorning and Shinsei Ryu and Eduardo Fradkin},
	title = {Effective hydrodynamic field theory and condensation picture of topological insulators},
	journal = {Physical Review B}
}

@article{Sachdev_2018,
   title={Topological order, emergent gauge fields, and Fermi surface reconstruction},
   volume={82},
   ISSN={1361-6633},
   url={http://dx.doi.org/10.1088/1361-6633/aae110},
   DOI={10.1088/1361-6633/aae110},
   number={1},
   journal={Reports on Progress in Physics},
   publisher={IOP Publishing},
   author={Sachdev, Subir},
   year={2018},
   month={Nov},
   pages={014001}
}

@misc{sachdev_xy,
  author       = {Sachdev, Subir},
  howpublished = {\url{http://qpt.physics.harvard.edu/phys268b/Lec9_Topological_order_in_XY_model.pdf}},
  title        = {Topological order in XY models in $D = 3$},
  year         = {2018}
}

@article{Mathur_2016,
   title={Lattice gauge theories and spin models},
   volume={94},
   ISSN={2470-0029},
   url={http://dx.doi.org/10.1103/PhysRevD.94.085029},
   DOI={10.1103/physrevd.94.085029},
   number={8},
   journal={Physical Review D},
   publisher={American Physical Society (APS)},
   author={Mathur, Manu and Sreeraj, T. P.},
   year={2016},
   month={Oct}
}
