@book{wen-qft,
    title = {Quantum Field Theory of Many-Body Systems},
    author = {Xiao-Gang Wen},
    year = {2007},
    month = {09},
    day = {06},
    pagecount = {520},
    isbn = {9780199227259}
}

@book{altland2010condensed,
  title={Condensed matter field theory},
  author={Altland, Alexander and Simons, Ben D},
  year={2010},
  publisher={Cambridge university press}
}