@book{bambi2018introduction,
  title={Introduction to General Relativity: A Course for Undergraduate Students of Physics},
  author={Bambi, Cosimo},
  year={2018},
  publisher={Springer}
}

@article{lovelock1972four,
  title={The four-dimensionality of space and the Einstein tensor},
  author={Lovelock, David},
  journal={Journal of Mathematical Physics},
  volume={13},
  number={6},
  pages={874--876},
  year={1972},
  publisher={American Institute of Physics}
}

@misc{sqrt-lag,
  doi = {10.48550/ARXIV.1905.01177},
  
  url = {https://arxiv.org/abs/1905.01177},
  
  author = {Rizzuti, B. F. and JÃºnior, G. F. Vasconcelos and Resende, M. A.},
  
  keywords = {Classical Physics (physics.class-ph), Mathematical Physics (math-ph), FOS: Physical sciences, FOS: Physical sciences, 53Z05},
  
  title = {To square root the Lagrangian or not: an underlying geometrical analysis on classical and relativistic mechanical models},
  
  publisher = {arXiv},
  
  year = {2019},
  
  copyright = {arXiv.org perpetual, non-exclusive license}
}
