@misc{optical-note-steck,
   author = "Daniel A. Steck",
   title = "Quantum and Atom Optics",
   year = "2020",
   howpublished = {available online at \url{http://steck.us/teaching}}
 }

 @misc{PinknoiseWikipedia,
   author = {Wikipedia},
    title = {Pink noise},
    howpublished = {\url{https://en.wikipedia.org/wiki/Pink_noise}},
    note = {Accessed: 2021-11-06 11:39:16}
}