@book{Wen2007,
  doi = {10.1093/acprof:oso/9780199227259.001.0001},
  url = {https://doi.org/10.1093/acprof:oso/9780199227259.001.0001},
  year = {2007},
  month = sep,
  publisher = {Oxford University Press},
  author = {Xiao-Gang Wen},
  title = {Quantum Field Theory of Many-Body Systems}
}