@book{nakahara,
    title = {Geometry, Topology and Physics, Second Edition},
    author = {Mikio Nakahara},
    year = {2003},
    month = {06},
    day = {04},
    pagecount = {596},
    isbn = {9780750306065}
}