%region Latin constituency

@book{danckaert2017development,
  title={The development of Latin clause structure: A study of the extended verb phrase},
  author={Danckaert, Lieven},
  volume={24},
  year={2017},
  publisher={Oxford University Press}
}

%endregion

%region Latin constituent order

@article{spevak2007latin,
  title={Latin Word Order. Structured Meaning and Information},
  author={Spevak, Olga},
  journal={Mnemosyne},
  volume={60},
  number={3},
  pages={497--501},
  year={2007},
  publisher={Brill}
}

%endregion