% reconstruction is discussed here
@phdthesis{danckaert2011left,
  title={On the left periphery of Latin embedded clauses},
  author={Danckaert, Lieven},
  year={2011},
  school={Ghent University}
}

@book{devine2006latin,
  title={Latin word order: Structured meaning and information},
  author={Devine, Andrew M and Stephens, Laurence D},
  year={2006},
  publisher={Oxford University Press}
}

@article{spevak2007latin,
  title={Latin Word Order. Structured Meaning and Information},
  author={Spevak, Olga},
  journal={Mnemosyne},
  volume={60},
  number={3},
  pages={497--501},
  year={2007},
  publisher={Brill}
}

@article{clausetypology,
author = {Broekhuis, Hans},
year = {2010},
month = {12},
pages = {1-31},
title = {A typology of clause structure},
volume = {10},
journal = {Linguistic Variation Yearbook},
doi = {10.1075/livy.10.01bro}
}

@article{mateu2017latin,
  title={Latin syntax in fifty years of Generative Grammar},
  author={Mateu, Jaume and Oniga, Renato},
  journal={Catalan journal of linguistics},
  volume={16},
  pages={5--17},
  year={2017}
}

@book{jacques2021grammar,
  title={A grammar of Japhug},
  author={Jacques, Guillaume},
  volume={1},
  year={2021},
  publisher={Language Science Press}
}

@article{tierney2018syntactic,
  title={A Syntactic Analysis of Negation in Latin: Negated Quantifier Phrases},
  author={Tierney, Maria C},
  year={2018}
}

@book{allen1903allen,
  title={Allen and Greenough's New Latin grammar for schools and colleges: Founded on comparative grammar},
  author={Allen, Joseph Henry and Greenough, James Bradstreet},
  year={1903},
  publisher={Ginn}
}