%region Methodology

@book{dixon2009basic1,
  title={Basic linguistic theory volume 1: Methodology},
  author={Dixon, Robert MW},
  volume={1},
  year={2009},
  publisher={OUP Oxford}
}

@book{dixon2010basic2,
  title={Basic linguistic theory volume 2: Grammatical topics},
  author={Dixon, Robert MW},
  volume={2},
  year={2010},
  publisher={Oxford University Press on Demand}
}

@misc{dixon2012basic3,
  title={Basic linguistic theory. Volume 3: Further grammatical topics},
  author={Dixon, RM},
  volume={3},
  year={2012},
  publisher={Oxford: Oxford University Press}
}

%endregion

%region Examples of descriptive grammars

@book{cgel, 
    place={Cambridge}, 
    title={The Cambridge Grammar of the English Language}, 
    DOI={10.1017/9781316423530}, 
    publisher={Cambridge University Press}, 
    author={Huddleston, Rodney and Pullum, Geoffrey K.}, 
    year={2002}
}

@book{grimm2021grammar,
  title={A grammar of Gyeli},
  author={Grimm, Nadine},
  year={2021},
  publisher={Language Science Press}
}

@book{friesen2017grammar,
  title={A grammar of Moloko},
  author={Friesen, Dianne},
  year={2017},
  publisher={Language Science Press}
}

@book{forker2020grammar,
  title={A grammar of Sanzhi Dargwa},
  author={Forker, Diana},
  year={2020},
  publisher={Language Science Press}
}

@book{jacques2021grammar,
  title={A grammar of Japhug},
  author={Jacques, Guillaume},
  volume={1},
  year={2021},
  publisher={Language Science Press}
}

@book{dixon2005semantic,
  title={A semantic approach to English grammar},
  author={Dixon, Robert MW},
  year={2005},
  publisher={OUP Oxford}
}

%endregion

%region Morphology in general

@incollection{tucker2011morphosyntax,
  title={The morphosyntax of the Arabic verb: Toward a unified syntax-prosody},
  author={Tucker, Matthew A},
  year={2011},
  booktitle={Morphology at Santa Cruz: Papers in Honor of Jorge Hankamer}
}

@article{bobaljik2002syncretism,
  title={Syncretism without paradigms: Remarks on Williams 1981, 1994},
  author={Bobaljik, Jonathan David},
  journal={Yearbook of morphology 2001},
  pages={53--85},
  year={2002},
  publisher={Springer}
}

@book{haspelmath2013understanding,
  title={Understanding morphology},
  author={Haspelmath, Martin and Sims, Andrea},
  year={2013},
  publisher={Routledge}
}

@article{anderson2017words,
  title={Words and paradigms: Peter H. Matthews and the development of morphological theory},
  author={Anderson, Stephen R},
  journal={Transactions of the Philological Society},
  volume={115},
  number={1},
  pages={1--13},
  year={2017},
  publisher={Wiley Online Library}
}

@article{embick2005status,
  title={On the status of stems in morphological theory},
  author={Embick, David and Halle, Morris},
  journal={AMSTERDAM STUDIES IN THE THEORY AND HISTORY OF LINGUISTIC SCIENCE SERIES 4},
  volume={270},
  pages={37},
  year={2005},
  publisher={Amsterdam; Philadelphia; J. Benjamins Pub. Co; 1999}
}

@book{siddiqi2009syntax,
  title={Syntax within the word: Economy, allomorphy, and argument selection in Distributed Morphology},
  author={Siddiqi, Daniel},
  volume={138},
  year={2009},
  publisher={John Benjamins Publishing}
}

%endregion

%region Constituent order in general

@article{morris2018evidence,
  title={Evidence of a configurational structure in Meskwaki},
  author={Morris, Paul A},
  journal={Proceedings of the Linguistic Society of America},
  volume={3},
  number={1},
  pages={64--1},
  year={2018}
}

@phdthesis{legate2002warlpiri,
  title={Warlpiri: theoretical implications},
  author={Legate, Julie Anne},
  year={2002},
  school={Massachusetts Institute of Technology}
}

@phdthesis{niedzielski2017clausal,
  title={Clausal Syntax in the Sumerian Language},
  author={Niedzielski, Patrick M},
  year={2017},
  school={BA Thesis. Ithaca, NY: Cornell University}
}

%endregion

%region Clause combining

@phdthesis{nonato2014clause,
  title={Clause chaining, switch reference and coordination},
  author={Nonato, Rafael},
  year={2014},
  school={Massachusetts Institute of Technology}
}

%endregion

%region Alignment 

@article{aldridge2008generative,
  title={Generative approaches to ergativity},
  author={Aldridge, Edith},
  journal={Language and Linguistics Compass},
  volume={2},
  number={5},
  pages={966--995},
  year={2008},
  publisher={Wiley Online Library}
}

%endregion

%region Argument structure and valency changing

@phdthesis{mcinnerney2022argument,
  title={The argument adjunct distinction and the structure of prepositional phrases},
  author={McInnerney, Andrew},
  year={2022},
  school={University of Michigan},
  note        = {The paper claims that in English the post-verbal constituents have a flat structure.
    I'm not too sure about that, considering all the work done in Cartography.},
}

@article{zhang2007syntax,
  title={The syntax of English comitative constructions},
  author={Zhang, Niina Ning},
  year={2007},
  publisher={Walter de Gruyter}
}

@article{balcom1997happened,
  title={Why is this happened? Passive morphology and unaccusativity},
  author={Balcom, Patricia},
  journal={Second Language Research},
  volume={13},
  number={1},
  pages={1--9},
  year={1997},
  publisher={Sage Publications Sage CA: Thousand Oaks, CA}
}

@inproceedings{hornstein2002psych,
  title={Psych verbs, theta roles and reconstruction},
  author={Hornstein, Norbert and Motomura, Mitsue},
  booktitle={Proceedings of 2002 LSK International Summer Conference},
  volume={2},
  pages={39--58},
  year={2002},
  organization={Linguistics Society of Korea}
}

@article{pascual2001syntactic,
  title={A syntactic analysis of Instrumental Prepositional Phrases},
  author={Pascual Pou, Montserrat},
  journal={Catalan working papers in linguistics},
  volume={9},
  pages={053--68},
  year={2001}
}

@book{alexiadou2008instrument,
  title={Instrument subjects are agents or causers},
  author={Alexiadou, Artemis and Sch{\"a}fer, Florian},
  year={2008},
  publisher={Universit{\"a}tsbibliothek Johann Christian Senckenberg}
}

%endregion

%region Cartography

@book{cinque1999adverbs,
  title={Adverbs and functional heads: A cross-linguistic perspective},
  author={Cinque, Guglielmo},
  year={1999},
  publisher={Oxford University Press}
}

%endregion