@misc{han2020quantum,
      title={Quantum Many-body Bootstrap}, 
      author={Xizhi Han},
      year={2020},
      eprint={2006.06002},
      archivePrefix={arXiv},
      primaryClass={cond-mat.str-el}
}

@article{2020,
   title={Bootstrapping Matrix Quantum Mechanics},
   volume={125},
   ISSN={1079-7114},
   url={http://dx.doi.org/10.1103/PhysRevLett.125.041601},
   DOI={10.1103/physrevlett.125.041601},
   number={4},
   journal={Physical Review Letters},
   publisher={American Physical Society (APS)},
   author={Han, Xizhi and Hartnoll, Sean A. and Kruthoff, Jorrit},
   year={2020},
   month={Jul}
}
