@misc{itensor,
title={The \mbox{ITensor} Software Library for Tensor Network Calculations},
author={Matthew Fishman and Steven R. White and E. Miles Stoudenmire},
year={2020},
eprint={2007.14822},
archivePrefix={arXiv}
}