@article{rosenzweig2022surface,
  title={Surface charge-transfer doping a quantum-confined silver monolayer beneath epitaxial graphene},
  author={Rosenzweig, Philipp and Karakachian, Hrag and Marchenko, Dmitry and Starke, Ulrich},
  journal={Physical Review B},
  volume={105},
  number={23},
  pages={235428},
  year={2022},
  publisher={APS}
}