@article{chiao1993superluminal,
  title={Superluminal (but causal) propagation of wave packets in transparent media with inverted atomic populations},
  author={Chiao, Raymond Y},
  journal={Physical Review A},
  volume={48},
  number={1},
  pages={R34},
  year={1993},
  publisher={APS}
}

@article{bolda1994optical,
  title={Optical pulse propagation at negative group velocities due to a nearby gain line},
  author={Bolda, Eric L and Garrison, John C and Chiao, Raymond Y},
  journal={Physical Review A},
  volume={49},
  number={4},
  pages={2938},
  year={1994},
  publisher={APS}
}

@book{jackson1999classical,
  title={Classical electrodynamics},
  author={Jackson, John David},
  year={1999},
  publisher={Wiley}
}