@article{rudner2020floquet,
  title={The Floquet Engineer's Handbook},
  author={Rudner, Mark S and Lindner, Netanel H},
  journal={arXiv preprint arXiv:2003.08252},
  year={2020}
}

@article{chan2023giant,
  title={Giant self-driven exciton-Floquet signatures in time-resolved photoemission spectroscopy of {\ce{WS2}}  from time-dependent $GW$ approach},
  author={Chan, Y-H and Qiu, Diana Y and da Jornada, Felipe H and Louie, Steven G},
  journal={arXiv preprint arXiv:2302.01719},
  year={2023}
}

@article{schuler2022probing,
  title={Probing topological Floquet states in {\ce{WSe2}} using circular dichroism in time-and angle-resolved photoemission spectroscopy},
  author={Sch{\"u}ler, Michael and Beaulieu, Samuel},
  journal={Communications Physics},
  volume={5},
  number={1},
  pages={164},
  year={2022},
  publisher={Nature Publishing Group UK London}
}

@article{bao2022light,
  title={Light-induced emergent phenomena in 2D materials and topological materials},
  author={Bao, Changhua and Tang, Peizhe and Sun, Dong and Zhou, Shuyun},
  journal={Nature Reviews Physics},
  volume={4},
  number={1},
  pages={33--48},
  year={2022},
  publisher={Nature Publishing Group UK London}
}

@article{liu2023floquet,
  title={Floquet engineering of topological states in realistic quantum materials via light-matter interactions},
  author={Liu, Hang and Cao, Haijun and Meng, Sheng},
  journal={Progress in Surface Science},
  pages={100705},
  year={2023},
  publisher={Elsevier}
}

@article{lubatsch2019evolution,
  title={Evolution of Floquet topological quantum states in driven semiconductors},
  author={Lubatsch, Andreas and Frank, Regine},
  journal={The European Physical Journal B},
  volume={92},
  pages={1--9},
  year={2019},
  publisher={Springer}
}

@article{traversa2013generalized,
  title={Generalized Floquet theory: Application to dynamical systems with memory and Blochâ€™s theorem for nonlocal potentials},
  author={Traversa, Fabio L and Di Ventra, Massimiliano and Bonani, Fabrizio},
  journal={Physical Review Letters},
  volume={110},
  number={17},
  pages={170602},
  year={2013},
  publisher={APS}
}

@article{aoki2014nonequilibrium,
  title={Nonequilibrium dynamical mean-field theory and its applications},
  author={Aoki, Hideo and Tsuji, Naoto and Eckstein, Martin and Kollar, Marcus and Oka, Takashi and Werner, Philipp},
  journal={Reviews of Modern Physics},
  volume={86},
  number={2},
  pages={779},
  year={2014},
  publisher={APS}
}