@article{article,
author = {Safi Bahcall, and Leonard Susskind},
year = {2012},
month = {01},
pages = {},
title = {FLUID DYNAMICS, CHERN-SIMONS THEORY, AND THE QUANTUM HALL EFFECT},
volume = {05},
journal = {International Journal of Modern Physics B},
doi = {10.1142/S0217979291001085}
}