@article{abe1997derivation,
  title={Derivation of the lattice Boltzmann method by means of the discrete ordinate method for the Boltzmann equation},
  author={Abe, Takashi},
  journal={Journal of Computational Physics},
  volume={131},
  number={1},
  year={1997}
}