@article{kitaev2003,
   title={Fault-tolerant quantum computation by anyons},
   volume={303},
   ISSN={0003-4916},
   url={http://dx.doi.org/10.1016/S0003-4916(02)00018-0},
   DOI={10.1016/s0003-4916(02)00018-0},
   number={1},
   journal={Annals of Physics},
   publisher={Elsevier BV},
   author={Kitaev, A.Yu.},
   year={2003},
   month={Jan},
   pages={2â€“30} }

@article{levin2005,
   title={String-net condensation: A physical mechanism for topological phases},
   volume={71},
   ISSN={1550-235X},
   url={http://dx.doi.org/10.1103/PhysRevB.71.045110},
   DOI={10.1103/physrevb.71.045110},
   number={4},
   journal={Physical Review B},
   publisher={American Physical Society (APS)},
   author={Levin, Michael A. and Wen, Xiao-Gang},
   year={2005},
   month={Jan} }

@article{timmerman2021quantum,
  title={Quantum to classical mapping of the two-dimensional toric code in an external field},
  author={Timmerman, Sydney R and Bandic, Zvonimir Z and Melko, Roger G},
  year={2021},
  url={https://scipost.org/preprints/scipost_202112_00051v1/}
}

@article{BAHCALL_1991,
	doi = {10.1142/s0217979291001085},
	url = {https://doi.org/10.1142%2Fs0217979291001085},
	year = 1991,
	month = {oct},
	publisher = {World Scientific Pub Co Pte Lt},
	volume = {05},
	number = {16n17},
	pages = {2735--2749},
	author = {SAFI BAHCALL and LEONARD SUSSKIND},
	title = {{FLUID} {DYNAMICS}, {CHERN}-{SIMONS} {THEORY}, {AND} {THE} {QUANTUM} {HALL} {EFFECT}},
	journal = {International Journal of Modern Physics B}
}

@article{sachdev2018,
   title={Topological order, emergent gauge fields, and Fermi surface reconstruction},
   volume={82},
   ISSN={1361-6633},
   url={http://dx.doi.org/10.1088/1361-6633/aae110},
   DOI={10.1088/1361-6633/aae110},
   number={1},
   journal={Reports on Progress in Physics},
   publisher={IOP Publishing},
   author={Sachdev, Subir},
   year={2018},
   month={Nov},
   pages={014001} }
