@misc{hellingsolving,
  title={Solving classical field equations},
  author={Helling, Robert C},
  howpublished={\url{https://ncatlab.org/nlab/files/HellingClassicalQFT.pdf}}
}