@misc{reall2021effective,
      title={Effective field theory and classical equations of motion}, 
      author={Harvey S. Reall and Claude M. Warnick},
      year={2021},
      eprint={2105.12028},
      archivePrefix={arXiv},
      primaryClass={hep-th}
}
