@article{PhysRevLett.80.1280,
  title = {Causality and Symmetry in Time-Dependent Density-Functional Theory},
  author = {van Leeuwen, Robert},
  journal = {Phys. Rev. Lett.},
  volume = {80},
  issue = {6},
  pages = {1280--1283},
  numpages = {0},
  year = {1998},
  month = {Feb},
  publisher = {American Physical Society},
  doi = {10.1103/PhysRevLett.80.1280},
  url = {https://link.aps.org/doi/10.1103/PhysRevLett.80.1280}
}

