% On quantization of fluid dynamics:

@article{Penrose1954-zv,
  title     = "{XI}. The quantization of sound waves---I: General theory",
  author    = "Penrose, O",
  journal   = "Lond. Edinb. Dublin Philos. Mag. J. Sci.",
  publisher = "Informa UK Limited",
  volume    =  45,
  number    =  360,
  pages     = "80--92",
  month     =  jan,
  year      =  1954
}

@article{Penrose_1951,
	doi = {10.1080/14786445108560954},
	url = {https://doi.org/10.1080%2F14786445108560954},
	year = 1951,
	month = {dec},
	publisher = {Informa {UK} Limited},
	volume = {42},
	number = {335},
	pages = {1373--1377},
	author = {O. Penrose},
	title = {{CXXXVI}. On the quantum mechanics of helium {II}},
	journal = {The London, Edinburgh, and Dublin Philosophical Magazine and Journal of Science}
}

% Quantum hydrodynamics about expectation values
% Derive quantum Boltzmann equation
% Yet we are still not sure whether they can be quantized, i.e. treated as operators
@article{PhysRevB.71.165104,
  title = {Quantum many-body dynamics in a Lagrangian frame: I. Equations of motion and conservation laws},
  author = {Tokatly, I. V.},
  journal = {Phys. Rev. B},
  volume = {71},
  issue = {16},
  pages = {165104},
  numpages = {13},
  year = {2005},
  month = {Apr},
  publisher = {American Physical Society},
  doi = {10.1103/PhysRevB.71.165104},
  url = {https://link.aps.org/doi/10.1103/PhysRevB.71.165104}
}


% The author Weigmann is notable in this field.
% This article ensures that \rho and v in fluid dynamics can be intepreted as quantum operators.
% Quantum hydrodynamics: a lot of meanings, most frequently two being Bohmian quantum mechanics
% and a quantum model where only density and current modes (or things similar to them, like spin density
% and currents) are important
% Actually this is the definition of bosonization on Wikipedia: https://en.wikipedia.org/wiki/Bosonization
% see the section "Mathematical descriptions"
@article{2005,
   title={Quantum Hydrodynamics, the Quantum Benjamin-Ono Equation, and the Calogero Model},
   volume={95},
   ISSN={1079-7114},
   url={http://dx.doi.org/10.1103/PhysRevLett.95.076402},
   DOI={10.1103/physrevlett.95.076402},
   number={7},
   journal={Physical Review Letters},
   publisher={American Physical Society (APS)},
   author={Abanov, Alexander G. and Wiegmann, Paul B.},
   year={2005},
   month={Aug}
}

% A more detailed construction can be found here
@article{2006,
   title={Bosonization and quantum hydrodynamics},
   volume={66},
   ISSN={0973-7111},
   url={http://dx.doi.org/10.1007/BF02704500},
   DOI={10.1007/bf02704500},
   number={3},
   journal={Pramana},
   publisher={Springer Science and Business Media LLC},
   author={Setlur, Girish S.},
   year={2006},
   month={Mar},
   pages={575–588}
}


% Some motivation for quantized fluid dynamics:

% FQHE

@misc{wiegmann2012quantum,
      title={Quantum Hydrodynamics of Fractional Hall Effect: Quantum Kirchhoff Equations}, 
      author={P. Wiegmann},
      year={2012},
      eprint={1211.5132},
      archivePrefix={arXiv},
      primaryClass={cond-mat.str-el}
}

@article{2013,
   title={Hydrodynamics of Euler incompressible fluid and the fractional quantum Hall effect},
   volume={88},
   ISSN={1550-235X},
   url={http://dx.doi.org/10.1103/PhysRevB.88.241305},
   DOI={10.1103/physrevb.88.241305},
   number={24},
   journal={Physical Review B},
   publisher={American Physical Society (APS)},
   author={Wiegmann, P. B.},
   year={2013},
   month={Dec}
}

% Nuclear Collisions

@misc{romatschke2019relativistic,
      title={Relativistic Fluid Dynamics In and Out of Equilibrium -- Ten Years of Progress in Theory and Numerical Simulations of Nuclear Collisions}, 
      author={Paul Romatschke and Ulrike Romatschke},
      year={2019},
      eprint={1712.05815},
      archivePrefix={arXiv},
      primaryClass={nucl-th}
}

% AdS/CFT-like dualities

@article{2008,
   title={Nonlinear fluid dynamics from gravity},
   volume={2008},
   ISSN={1029-8479},
   url={http://dx.doi.org/10.1088/1126-6708/2008/02/045},
   DOI={10.1088/1126-6708/2008/02/045},
   number={02},
   journal={Journal of High Energy Physics},
   publisher={Springer Science and Business Media LLC},
   author={Bhattacharyya, Sayantani and Minwalla, Shiraz and Hubeny, Veronika E and Rangamani, Mukund},
   year={2008},
   month={Feb},
   pages={045–045}
}

% Electron liquid

@article{Tomonaga1950RemarksOB,
  title={Remarks on Bloch's Method of Sound Waves applied to Many-Fermion Problems},
  author={Sin-itiro Tomonaga},
  journal={Progress of Theoretical Physics},
  year={1950},
  volume={5},
  pages={544-569}
}

@article{10.1143/PTPS.170.185,
    author = {Kawakami, Norio},
    title = "{Tomonaga's Theory for Collective Motion of Fermions: Basic Concept of One-Dimensional Correlated Electrons}",
    journal = {Progress of Theoretical Physics Supplement},
    volume = {170},
    pages = {185-197},
    year = {2007},
    month = {05},
    abstract = "{In 1950, Tomonaga published a pioneering paper on collective motion of interacting fermions in one spatial dimension, which now establishes the basic concept of one-dimensional quantum critical phenomena, the so-called Tomonaga-Luttinger liquid. We briefly discuss fundamental properties of the Tomonaga-Luttinger liquid in comparison with the Fermi liquid. We then explain how (1+1) dimensional conformal field theory can be used to describe universal properties of the Luttinger liquid. Some examples of recent experimental observations are also addressed.}",
    issn = {0375-9687},
    doi = {10.1143/PTPS.170.185},
    url = {https://doi.org/10.1143/PTPS.170.185},
    eprint = {https://academic.oup.com/ptps/article-pdf/doi/10.1143/PTPS.170.185/5234935/170-185.pdf},
}

% Derived Landau equation as quantum EOM
@article{Castro_Neto_1994,
   title={Bosonization of Fermi liquids},
   volume={49},
   ISSN={1095-3795},
   url={http://dx.doi.org/10.1103/PhysRevB.49.10877},
   DOI={10.1103/physrevb.49.10877},
   number={16},
   journal={Physical Review B},
   publisher={American Physical Society (APS)},
   author={Castro Neto, A. H. and Fradkin, Eduardo},
   year={1994},
   month={Apr},
   pages={10877–10892}
}

@article{qghd,
   title={Quantum Generalized Hydrodynamics},
   volume={124},
   ISSN={1079-7114},
   url={http://dx.doi.org/10.1103/PhysRevLett.124.140603},
   DOI={10.1103/physrevlett.124.140603},
   number={14},
   journal={Physical Review Letters},
   publisher={American Physical Society (APS)},
   author={Ruggiero, Paola and Calabrese, Pasquale and Doyon, Benjamin and Dubail, Jérôme},
   year={2020},
   month={Apr}
}


@article{neilson1996landau,
  title={Landau Fermi liquid theory},
  author={Neilson, D},
  journal={Australian journal of physics},
  volume={49},
  number={1},
  pages={79--102},
  year={1996},
  publisher={CSIRO Publishing}
}