@article{Elitzur_1975,
	doi = {10.1103/physrevd.12.3978},
	url = {https://doi.org/10.1103%2Fphysrevd.12.3978},
	year = 1975,
	month = {dec},
	publisher = {American Physical Society ({APS})},
	volume = {12},
	number = {12},
	pages = {3978--3982},
	author = {S. Elitzur},
	title = {Impossibility of spontaneously breaking local symmetries},
	journal = {Physical Review D}
}
