@misc{frank2011microscopic,
      title={Microscopic Derivation of Ginzburg-Landau Theory}, 
      author={Rupert L. Frank and Christian Hainzl and Robert Seiringer and Jan Philip Solovej},
      year={2011},
      eprint={1102.4001},
      archivePrefix={arXiv},
      primaryClass={math-ph}
}