% It remains to be seen whether this Lagrangian can be quantized
@article{10.2307/100602,
 ISSN = {00804630},
 URL = {http://www.jstor.org/stable/100602},
 abstract = {A variational principle is found for the Boltzmann-Vlasov equation for an ionized gas in an electromagnetic field. The principle leads to a new formulation of the problem of small oscillations about equilibrium.},
 author = {F. E. Low},
 journal = {Proceedings of the Royal Society of London. Series A, Mathematical and Physical Sciences},
 number = {1253},
 pages = {282--287},
 publisher = {The Royal Society},
 title = {A Lagrangian Formulation of the Boltzmann-Vlasov Equation for Plasmas},
 volume = {248},
 year = {1958}
}

@article{kluger1998quantum,
  title={Quantum Vlasov equation and its Markov limit},
  author={Kluger, Yuval and Mottola, Emil and Eisenberg, Judah M},
  journal={Physical Review D},
  volume={58},
  number={12},
  pages={125015},
  year={1998},
  publisher={APS}
}