@article{Gunnarsson_2017,
   title={Breakdown of Traditional Many-Body Theories for Correlated Electrons},
   volume={119},
   ISSN={1079-7114},
   url={http://dx.doi.org/10.1103/PhysRevLett.119.056402},
   DOI={10.1103/physrevlett.119.056402},
   number={5},
   journal={Physical Review Letters},
   publisher={American Physical Society (APS)},
   author={Gunnarsson, O. and Rohringer, G. and Sch√§fer, T. and Sangiovanni, G. and Toschi, A.},
   year={2017},
   month={Aug}
}
