@article{2005,
   title={Colloquium: Photons and electrons as emergent phenomena},
   volume={77},
   ISSN={1539-0756},
   url={http://dx.doi.org/10.1103/RevModPhys.77.871},
   DOI={10.1103/revmodphys.77.871},
   number={3},
   journal={Reviews of Modern Physics},
   publisher={American Physical Society (APS)},
   author={Levin, Michael and Wen, Xiao-Gang},
   year={2005},
   month={Sep},
   pages={871â€“879} }

@article{2004,
   title={String-net condensation: A physical mechanism for topological phases},
   volume={71},
   ISSN={1550-235X},
   url={http://dx.doi.org/10.1103/PhysRevB.71.045110},
   DOI={10.1103/physrevb.71.045110},
   number={4},
   journal={Physical Review B},
   publisher={American Physical Society (APS)},
   author={Levin, Michael A. and Wen, Xiao-Gang},
   year={2005},
   month={Jan} }

@misc{kirillov2011stringnet,
      title={String-net model of Turaev-Viro invariants}, 
      author={Alexander Kirillov Jr au2},
      year={2011},
      eprint={1106.6033},
      archivePrefix={arXiv},
      primaryClass={math.AT}
}

@article{PhysRevB.89.195130,
  title = {Generalizations and limitations of string-net models},
  author = {Lin, Chien-Hung and Levin, Michael},
  journal = {Phys. Rev. B},
  volume = {89},
  issue = {19},
  pages = {195130},
  numpages = {33},
  year = {2014},
  month = {May},
  publisher = {American Physical Society},
  doi = {10.1103/PhysRevB.89.195130},
  url = {https://link.aps.org/doi/10.1103/PhysRevB.89.195130}
}

@article{2017,
   title={Colloquium
: Zoo of quantum-topological phases of matter},
   volume={89},
   ISSN={1539-0756},
   url={http://dx.doi.org/10.1103/RevModPhys.89.041004},
   DOI={10.1103/revmodphys.89.041004},
   number={4},
   journal={Reviews of Modern Physics},
   publisher={American Physical Society (APS)},
   author={Wen, Xiao-Gang},
   year={2017},
   month={Dec} }
