@article{bruge2002positions,
  title={The positions of demonstratives in the extended nominal projection},
  author={Brug{\`e}, Laura},
  journal={Functional structure in DP and IP: The cartography of syntactic structures},
  volume={1},
  pages={15--53},
  year={2002},
  publisher={Oxford University Press New York}
}

@article{rizzi2016functional,
  title={Functional categories and syntactic theory},
  author={Rizzi, Luigi and Cinque, Guglielmo},
  journal={Annual Review of Linguistics},
  volume={2},
  pages={139--163},
  year={2016},
  publisher={Annual Reviews}
}