@article{matchin2020cortical,
  title={The cortical organization of syntax},
  author={Matchin, William and Hickok, Gregory},
  journal={Cerebral Cortex},
  volume={30},
  number={3},
  pages={1481--1498},
  year={2020},
  publisher={Oxford University Press}
}

@article{anderson2017words,
  title={Words and paradigms: Peter H. Matthews and the development of morphological theory},
  author={Anderson, Stephen R},
  journal={Transactions of the Philological Society},
  volume={115},
  number={1},
  pages={1--13},
  year={2017},
  publisher={Wiley Online Library}
}

@article{hockett1948potawatomi,
  title={Potawatomi III: The verb complex},
  author={Hockett, Charles F},
  journal={International journal of American linguistics},
  volume={14},
  number={3},
  pages={139--149},
  year={1948},
  publisher={Indiana University}
}

@phdthesis{chen2016mandarin,
  title={Mandarin directional serial verb constructions: A constructionist approach},
  author={Chen, Zhishuang},
  year={2016},
  school={University of York}
}

@incollection{harley2017syntax,
  title={Syntax of ditransitives},
  author={Harley, Heidi and Miyagawa, Shigeru},
  booktitle={Oxford research encyclopedia of linguistics},
  year={2017}
}