@book{dixon2009basic,
  title={Basic linguistic theory volume 1: Methodology},
  author={Dixon, Robert MW},
  volume={1},
  year={2009},
  publisher={OUP Oxford}
}

% For discussion of BLT, see
% https://scholar.google.com.sg/scholar?cites=11858333507674370951&as_sdt=2005&sciodt=0,5&hl=en
% https://scholar.google.com/scholar?cites=9474915047552963237&as_sdt=2005&sciodt=0,5&hl=zh-CN
% 