@book{cgel, place={Cambridge}, title={The Cambridge Grammar of the English Language}, DOI={10.1017/9781316423530}, publisher={Cambridge University Press}, author={Huddleston, Rodney and Pullum, Geoffrey K.}, year={2002}}}