@book{campbell2013historical,
  title={Historical linguistics},
  author={Campbell, Lyle},
  year={2013},
  publisher={Edinburgh University Press}
}