@article{baker2010formal,
  title={Formal generative typology},
  author={Baker, Mark},
  journal={The Oxford handbook of linguistic analysis},
  pages={285--312},
  year={2010},
  publisher={Oxford University Press Oxford}
}

@article{comrie2008leipzig,
  title={The Leipzig Glossing Rules: Conventions for interlinear morpheme-by-morpheme glosses},
  author={Comrie, Bernard and Haspelmath, Martin and Bickel, Balthasar},
  journal={Department of Linguistics of the Max Planck Institute for Evolutionary Anthropology \& the Department of Linguistics of the University of Leipzig. Retrieved January},
  volume={28},
  pages={2010},
  year={2008}
}

@book{dixon2009basic1,
  title={Basic linguistic theory volume 1: Methodology},
  author={Dixon, Robert MW},
  volume={1},
  year={2009},
  publisher={OUP Oxford}
}

@book{dixon2010basic2,
  title={Basic linguistic theory volume 2: Grammatical topics},
  author={Dixon, Robert MW},
  volume={2},
  year={2010},
  publisher={Oxford University Press on Demand}
}

@misc{dixon2012basic3,
  title={Basic linguistic theory. Volume 3: Further grammatical topics},
  author={Dixon, RM},
  volume={3},
  year={2012},
  publisher={Oxford: Oxford University Press}
}

@article{matchin2020cortical,
  title={The cortical organization of syntax},
  author={Matchin, William and Hickok, Gregory},
  journal={Cerebral Cortex},
  volume={30},
  number={3},
  pages={1481--1498},
  year={2020},
  publisher={Oxford University Press}
}

@article{anderson2017words,
  title={Words and paradigms: Peter H. Matthews and the development of morphological theory},
  author={Anderson, Stephen R},
  journal={Transactions of the Philological Society},
  volume={115},
  number={1},
  pages={1--13},
  year={2017},
  publisher={Wiley Online Library}
}

@article{hockett1948potawatomi,
  title={Potawatomi III: The verb complex},
  author={Hockett, Charles F},
  journal={International journal of American linguistics},
  volume={14},
  number={3},
  pages={139--149},
  year={1948},
  publisher={Indiana University}
}