@article{PhysRevLett.15.524,
  title = {New Mechanism for Superconductivity},
  author = {Kohn, W. and Luttinger, J. M.},
  journal = {Phys. Rev. Lett.},
  volume = {15},
  issue = {12},
  pages = {524--526},
  numpages = {0},
  year = {1965},
  month = {Sep},
  publisher = {American Physical Society},
  doi = {10.1103/PhysRevLett.15.524},
  url = {https://link.aps.org/doi/10.1103/PhysRevLett.15.524}
}

@article{PhysRevB.28.5100,
  title = {Role of electron Coulomb interaction in superconductivity},
  author = {Rietschel, H. and Sham, L. J.},
  journal = {Phys. Rev. B},
  volume = {28},
  issue = {9},
  pages = {5100--5108},
  numpages = {0},
  year = {1983},
  month = {Nov},
  publisher = {American Physical Society},
  doi = {10.1103/PhysRevB.28.5100},
  url = {https://link.aps.org/doi/10.1103/PhysRevB.28.5100}
}
