@book{grimm2021grammar,
  title={A grammar of Gyeli},
  author={Grimm, Nadine},
  year={2021},
  publisher={Language Science Press}
}