@article{eft-fluid-rel,
  doi = {10.7916/D8F76KS3},
  url = {https://academiccommons.columbia.edu/doi/10.7916/D8F76KS3},
  author = {Endlich, Solomon},
  keywords = {Physics, Condensed matter},
  title = {The Effective Field Theory Approach to Fluid Dynamics},
  publisher = {Columbia University},
  year = {2013}
}

@article{Visscher_1985,
	doi = {10.1007/bf01010426},
	url = {https://doi.org/10.1007%2Fbf01010426},
	year = 1985,
	month = {mar},
	publisher = {Springer Science and Business Media {LLC}},
	volume = {38},
	number = {5-6},
	pages = {989--1013},
	author = {P. B. Visscher},
	title = {Renormalization-group derivation of Navier-Stokes equation},
	journal = {Journal of Statistical Physics}
}

@book{chapman_mathematical_1990,
	address = {Cambridge ; New York},
	edition = {3rd ed},
	series = {Cambridge mathematical library},
	title = {The mathematical theory of non-uniform gases: an account of the kinetic theory of viscosity, thermal conduction, and diffusion in gases},
	isbn = {9780521408448},
	shorttitle = {The mathematical theory of non-uniform gases},
	publisher = {Cambridge University Press},
	author = {Chapman, Sydney and Cowling, T. G.},
	year = {1990},
	keywords = {Kinetic theory of gases},
}

@book{lifsic_physical_2008,
	address = {Amsterdam Heidelberg},
	edition = {Reprint},
	series = {Course of theoretical physics / {L}. {D}. {Landau} and {E}. {M}. {Lifshitz}},
	title = {Physical kinetics},
	isbn = {9780750626354},
	language = {eng},
	number = {10},
	publisher = {Elsevier Butterworth-Heinemann},
	author = {Lifšic, Evgenij M. and Pitaevskij, Lev P. and Lifšic, Evgenij M. and Landau, Lev Davidovič},
	year = {2008},
}
