@article{eft-fluid-rel,
  doi = {10.7916/D8F76KS3},
  url = {https://academiccommons.columbia.edu/doi/10.7916/D8F76KS3},
  author = {Endlich, Solomon},
  keywords = {Physics, Condensed matter},
  title = {The Effective Field Theory Approach to Fluid Dynamics},
  publisher = {Columbia University},
  year = {2013}
}

@misc{reall2021effective,
      title={Effective field theory and classical equations of motion}, 
      author={Harvey S. Reall and Claude M. Warnick},
      year={2021},
      eprint={2105.12028},
      archivePrefix={arXiv},
      primaryClass={hep-th}
}