@book{friesen2017grammar,
  title={A grammar of Moloko},
  author={Friesen, Dianne},
  year={2017},
  publisher={Language Science Press}
}

@book{
  cgel, 
  place={Cambridge}, 
  title={The Cambridge Grammar of the English Language}, 
  DOI={10.1017/9781316423530}, 
  publisher={Cambridge University Press}, 
  author={Huddleston, Rodney and Pullum, Geoffrey K.}, 
  year={2002}
}
