@book{rowlett2007syntax,
  title={The syntax of French},
  author={Rowlett, Paul},
  year={2007},
  publisher={Cambridge University Press}
}

@book{l1999advanced,
  title={Advanced French Grammar},
  author={l'Huillier, Monique},
  year={1999},
  publisher={Cambridge University Press}
}

@article{de2005french,
  title={French subject clitics are not agreement markers},
  author={De Cat, C{\'e}cile},
  journal={Lingua},
  volume={115},
  number={9},
  pages={1195--1219},
  year={2005},
  publisher={Elsevier}
}