@misc{besselwiki, title={Bessel function}, 
howpublished={\url{https://en.wikipedia.org/wiki/Bessel_function}},  author={Wikipedia}, year={2021}, month={Nov}}