@MISC {711309,
    TITLE = {Baker-Hausdorff Lemma from Sakurai's book},
    AUTHOR = {Brightsun (\url{https://math.stackexchange.com/users/118300/brightsun})},
    HOWPUBLISHED = {Mathematics Stack Exchange},
    NOTE = {\url{https://math.stackexchange.com/q/711309} (version: 2016-11-20)},
    EPRINT = {\url{https://math.stackexchange.com/q/711309}},
    URL = {\url{https://math.stackexchange.com/q/711309}}
}
@misc{optical_equivalence_theorem,
   author = "Wikipedia",
   title = "{Optical equivalence theorem} --- {W}ikipedia{,} The Free Encyclopedia",
   year = "2021",
   howpublished = {\url{http://en.wikipedia.org/w/index.php?title=Optical\%20equivalence\%20theorem&oldid=859273144}},
   note = "[Online; accessed 01-October-2021]"
 }

 @misc{cat-state,
   author       = {Wikipedia},
   title        = {Cat state},
   howpublished = {\url{https://en.wikipedia.org/wiki/Cat_state}},
   year         = {2021}
 }